%% This BibTeX bibliography file was created using BibDesk.
%% http://bibdesk.sourceforge.net/


%% Created for johnsojh at 2011-03-01 15:21:13 -0500 


%% Saved with string encoding Unicode (UTF-8) 



@article{Rado:1945kx,
	Author = {Richard Rado},
	Date-Added = {2011-03-01 15:18:52 -0500},
	Date-Modified = {2011-03-01 15:21:01 -0500},
	Journal = {Proceedings of the London Mathematical Society},
	Number = {2},
	Pages = {122--160},
	Title = {{Note on combinatorial analysis}},
	Volume = {48},
	Year = {1945},
	Bdsk-File-1 = {YnBsaXN0MDDUAQIDBAUGCQpYJHZlcnNpb25UJHRvcFkkYXJjaGl2ZXJYJG9iamVjdHMSAAGGoNEHCFRyb290gAFfEA9OU0tleWVkQXJjaGl2ZXKoCwwXGBkdJCVVJG51bGzTDQ4PEBEUViRjbGFzc1dOUy5rZXlzWk5TLm9iamVjdHOAB6ISE4ACgAOiFRaABIAGWWFsaWFzRGF0YVxyZWxhdGl2ZVBhdGjSDRobHFdOUy5kYXRhgAVPEQO6AAAAAAO6AAIAAAdqb2huampyAAAAAAAAAAAAAAAAAAAAAAAAAADJDAlDSCsABQAAAJofUHJvYy4gTG9uZG9uIE1hdGguIFNvYyMxMjBCLnBkZgAAAAAAAAAAAAAAAAAAAAAAAAAAAAAAAAAAAAAAAAAAAAASC8mSvn4AAAAAAAAAAP////8AAA0CAAAAAAAAAAAAAAAAAAAAAVIAABAACAAAyQxPkwAAABEACAAAyZMEzgAAAAEADAAAAJoAAAB/AAAARgACADpqb2huampyOkRvY3VtZW50czpwYXBlcnM6UjpQcm9jLiBMb25kb24gTWF0aC4gU29jIzEyMEIucGRmAA4AWgAsAFAAcgBvAGMALgAgAEwAbwBuAGQAbwBuACAATQBhAHQAaAAuACAAUwBvAGMALgAtADEAOQA0ADUALQBSAGEAZABvAC0AMQAyADIALQA2ADAALgBwAGQAZgAPABAABwBqAG8AaABuAGoAagByABIAQC9Eb2N1bWVudHMvcGFwZXJzL1IvUHJvYy4gTG9uZG9uIE1hdGguIFNvYy4tMTk0NS1SYWRvLTEyMi02MC5wZGYAEwAQL1ZvbHVtZXMvam9obmpqcgAUAdoAAAAAAdoAAgABDE1hY2ludG9zaCBIRAAAAAAAAAAAAAAAAAAAAMh5orJIKwAAAA389xpqb2huampyX2lEaXNrLnNwYXJzZWJ1bmRsZQAAAAAAAAAAAAAAAAAAAAAAAAAAAAAAAAAAAAAAAAAAAAAAAAAAF4UvyQwJQwAAAAAAAAAA/////wAACSAAAAAAAAAAAAAAAAAAAAAMMDAyNTAwYTI2ZjY0ABAACAAAyHna8gAAABEACAAAyQxPkwAAAAEAFAAN/PcADfz2AAqIxgAKiMUAAHxsAAIAUE1hY2ludG9zaCBIRDpVc2VyczpKb2huOkxpYnJhcnk6RmlsZVN5bmM6MDAyNTAwYTI2ZjY0OmpvaG5qanJfaURpc2suc3BhcnNlYnVuZGxlAA4ANgAaAGoAbwBoAG4AagBqAHIAXwBpAEQAaQBzAGsALgBzAHAAYQByAHMAZQBiAHUAbgBkAGwAZQAPABoADABNAGEAYwBpAG4AdABvAHMAaAAgAEgARAASAENVc2Vycy9Kb2huL0xpYnJhcnkvRmlsZVN5bmMvMDAyNTAwYTI2ZjY0L2pvaG5qanJfaURpc2suc3BhcnNlYnVuZGxlAAATAAEvAAAVAAIAC///AAAAFgAHam9obmpqcgD//wAA0h4fICFYJGNsYXNzZXNaJGNsYXNzbmFtZaMhIiNdTlNNdXRhYmxlRGF0YVZOU0RhdGFYTlNPYmplY3RfEFsuLi8uLi8uLi8uLi9Wb2x1bWVzL2pvaG5qanIvRG9jdW1lbnRzL3BhcGVycy9SL1Byb2MuIExvbmRvbiBNYXRoLiBTb2MuLTE5NDUtUmFkby0xMjItNjAucGRm0h4fJieiJyNcTlNEaWN0aW9uYXJ5AAgAEQAaAB8AKQAyADcAOgA/AEEAUwBcAGIAaQBwAHgAgwCFAIgAigCMAI8AkQCTAJ0AqgCvALcAuQR3BHwEhQSQBJQEogSpBLIFEAUVBRgAAAAAAAACAQAAAAAAAAAoAAAAAAAAAAAAAAAAAAAFJQ==}}

@book{Landman:2004fk,
	Author = {Bruce M. Landman and Aaron Robertson},
	Date-Added = {2011-03-01 10:40:17 -0500},
	Date-Modified = {2011-03-01 10:41:42 -0500},
	Publisher = {American Mathematical Society},
	Series = {Student Mathematical Library},
	Title = {{Ramsey Theory on the Integers}},
	Volume = {24},
	Year = {2004},
	Bdsk-File-1 = {YnBsaXN0MDDUAQIDBAUGCQpYJHZlcnNpb25UJHRvcFkkYXJjaGl2ZXJYJG9iamVjdHMSAAGGoNEHCFRyb290gAFfEA9OU0tleWVkQXJjaGl2ZXKoCwwXGBkdJCVVJG51bGzTDQ4PEBEUViRjbGFzc1dOUy5rZXlzWk5TLm9iamVjdHOAB6ISE4ACgAOiFRaABIAGWWFsaWFzRGF0YVxyZWxhdGl2ZVBhdGjSDRobHFdOUy5kYXRhgAVPEQNOAAAAAANOAAIAAAdqb2huampyAAAAAAAAAAAAAAAAAAAAAAAAAADJDAlDSCsABQAAA8YOMDgyMTgzMTk5Mi5wZGYAAAAAAAAAAAAAAAAAAAAAAAAAAAAAAAAAAAAAAAAAAAAAAAAAAAAAAAAAAAAAAAAAAAADzMlCypUAAAAAAAAAAP////8AAA0CAAAAAAAAAAAAAAAAAAAAAUwAABAACAAAyQxPkwAAABEACAAAyUMQ5QAAAAEADAAAA8YAAAPDAAAARgACAChqb2huampyOkRvY3VtZW50czpib29rczpMOjA4MjE4MzE5OTIucGRmAA4AHgAOADAAOAAyADEAOAAzADEAOQA5ADIALgBwAGQAZgAPABAABwBqAG8AaABuAGoAagByABIAIS9Eb2N1bWVudHMvYm9va3MvTC8wODIxODMxOTkyLnBkZgAAEwAQL1ZvbHVtZXMvam9obmpqcgAUAdoAAAAAAdoAAgABDE1hY2ludG9zaCBIRAAAAAAAAAAAAAAAAAAAAMh5orJIKwAAAA389xpqb2huampyX2lEaXNrLnNwYXJzZWJ1bmRsZQAAAAAAAAAAAAAAAAAAAAAAAAAAAAAAAAAAAAAAAAAAAAAAAAAAF4UvyQwJQwAAAAAAAAAA/////wAACSAAAAAAAAAAAAAAAAAAAAAMMDAyNTAwYTI2ZjY0ABAACAAAyHna8gAAABEACAAAyQxPkwAAAAEAFAAN/PcADfz2AAqIxgAKiMUAAHxsAAIAUE1hY2ludG9zaCBIRDpVc2VyczpKb2huOkxpYnJhcnk6RmlsZVN5bmM6MDAyNTAwYTI2ZjY0OmpvaG5qanJfaURpc2suc3BhcnNlYnVuZGxlAA4ANgAaAGoAbwBoAG4AagBqAHIAXwBpAEQAaQBzAGsALgBzAHAAYQByAHMAZQBiAHUAbgBkAGwAZQAPABoADABNAGEAYwBpAG4AdABvAHMAaAAgAEgARAASAENVc2Vycy9Kb2huL0xpYnJhcnkvRmlsZVN5bmMvMDAyNTAwYTI2ZjY0L2pvaG5qanJfaURpc2suc3BhcnNlYnVuZGxlAAATAAEvAAAVAAIAC///AAAAFgAHam9obmpqcgD//wAA0h4fICFYJGNsYXNzZXNaJGNsYXNzbmFtZaMhIiNdTlNNdXRhYmxlRGF0YVZOU0RhdGFYTlNPYmplY3RfEDwuLi8uLi8uLi8uLi9Wb2x1bWVzL2pvaG5qanIvRG9jdW1lbnRzL2Jvb2tzL0wvMDgyMTgzMTk5Mi5wZGbSHh8mJ6InI1xOU0RpY3Rpb25hcnkACAARABoAHwApADIANwA6AD8AQQBTAFwAYgBpAHAAeACDAIUAiACKAIwAjwCRAJMAnQCqAK8AtwC5BAsEEAQZBCQEKAQ2BD0ERgSFBIoEjQAAAAAAAAIBAAAAAAAAACgAAAAAAAAAAAAAAAAAAASa}}

@book{Clifford:1967fk,
	Author = {A. H. Clifford and G. B. Preston},
	Date-Added = {2011-02-16 19:27:42 -0500},
	Date-Modified = {2011-02-16 19:29:08 -0500},
	Number = {7},
	Publisher = {American Mathematical Society},
	Series = {Mathematical Surveys},
	Title = {{The Algebraic Theory of Semigroups}},
	Volume = {2},
	Year = {1967}}

@unpublished{Hollings:2005vn,
	Author = {Christopher Hollings},
	Date-Added = {2011-02-16 10:03:47 -0500},
	Date-Modified = {2011-02-16 10:08:27 -0500},
	Note = {Availble on \url{http://sites.google.com/site/cdhollings/translations}},
	Title = {{A Summary Translation of Anton Suschkewitsch's \textsl{\"{U}ber die Endlichen Gruppen Ohne Das Gesetz der Eindeutigen Umkehrbarkeit}}},
	Year = {2005},
	Bdsk-File-1 = {YnBsaXN0MDDUAQIDBAUGCQpYJHZlcnNpb25UJHRvcFkkYXJjaGl2ZXJYJG9iamVjdHMSAAGGoNEHCFRyb290gAFfEA9OU0tleWVkQXJjaGl2ZXKoCwwXGBkdJCVVJG51bGzTDQ4PEBEUViRjbGFzc1dOUy5rZXlzWk5TLm9iamVjdHOAB6ISE4ACgAOiFRaABIAGWWFsaWFzRGF0YVxyZWxhdGl2ZVBhdGjSDRobHFdOUy5kYXRhgAVPEQNgAAAAAANgAAIAAAdqb2huampyAAAAAAAAAAAAAAAAAAAAAAAAAADJDAlDSCsABQAAAIwSc3VzY2hrZXdpdHNjaDMucGRmAAAAAAAAAAAAAAAAAAAAAAAAAAAAAAAAAAAAAAAAAAAAAAAAAAAAAAAAAAAAAAAMBMl6BagAAAAAAAAAAP////8AAA0CAAAAAAAAAAAAAAAAAAAAAUgAABAACAAAyQxPkwAAABEACAAAyXpL+AAAAAEADAAAAIwAAAB/AAAARgACAC1qb2huampyOkRvY3VtZW50czpwYXBlcnM6SDpzdXNjaGtld2l0c2NoMy5wZGYAAA4AJgASAHMAdQBzAGMAaABrAGUAdwBpAHQAcwBjAGgAMwAuAHAAZABmAA8AEAAHAGoAbwBoAG4AagBqAHIAEgAmL0RvY3VtZW50cy9wYXBlcnMvSC9zdXNjaGtld2l0c2NoMy5wZGYAEwAQL1ZvbHVtZXMvam9obmpqcgAUAdoAAAAAAdoAAgABDE1hY2ludG9zaCBIRAAAAAAAAAAAAAAAAAAAAMh5orJIKwAAAA389xpqb2huampyX2lEaXNrLnNwYXJzZWJ1bmRsZQAAAAAAAAAAAAAAAAAAAAAAAAAAAAAAAAAAAAAAAAAAAAAAAAAAF4UvyQwJQwAAAAAAAAAA/////wAACSAAAAAAAAAAAAAAAAAAAAAMMDAyNTAwYTI2ZjY0ABAACAAAyHna8gAAABEACAAAyQxPkwAAAAEAFAAN/PcADfz2AAqIxgAKiMUAAHxsAAIAUE1hY2ludG9zaCBIRDpVc2VyczpKb2huOkxpYnJhcnk6RmlsZVN5bmM6MDAyNTAwYTI2ZjY0OmpvaG5qanJfaURpc2suc3BhcnNlYnVuZGxlAA4ANgAaAGoAbwBoAG4AagBqAHIAXwBpAEQAaQBzAGsALgBzAHAAYQByAHMAZQBiAHUAbgBkAGwAZQAPABoADABNAGEAYwBpAG4AdABvAHMAaAAgAEgARAASAENVc2Vycy9Kb2huL0xpYnJhcnkvRmlsZVN5bmMvMDAyNTAwYTI2ZjY0L2pvaG5qanJfaURpc2suc3BhcnNlYnVuZGxlAAATAAEvAAAVAAIAC///AAAAFgAHam9obmpqcgD//wAA0h4fICFYJGNsYXNzZXNaJGNsYXNzbmFtZaMhIiNdTlNNdXRhYmxlRGF0YVZOU0RhdGFYTlNPYmplY3RfEEEuLi8uLi8uLi8uLi9Wb2x1bWVzL2pvaG5qanIvRG9jdW1lbnRzL3BhcGVycy9IL3N1c2Noa2V3aXRzY2gzLnBkZtIeHyYnoicjXE5TRGljdGlvbmFyeQAIABEAGgAfACkAMgA3ADoAPwBBAFMAXABiAGkAcAB4AIMAhQCIAIoAjACPAJEAkwCdAKoArwC3ALkEHQQiBCsENgQ6BEgETwRYBJwEoQSkAAAAAAAAAgEAAAAAAAAAKAAAAAAAAAAAAAAAAAAABLE=}}

@article{Hollings:2009kx,
	Author = {Christopher Hollings},
	Date-Added = {2011-02-16 09:56:26 -0500},
	Date-Modified = {2011-02-16 09:57:34 -0500},
	Journal = {Archive for History of Exact Sciences},
	Number = {5},
	Pages = {497--536},
	Title = {{The Early Development of the Algebraic Theory of Semigroups}},
	Volume = {64},
	Year = {2009},
	Bdsk-File-1 = {YnBsaXN0MDDUAQIDBAUGCQpYJHZlcnNpb25UJHRvcFkkYXJjaGl2ZXJYJG9iamVjdHMSAAGGoNEHCFRyb290gAFfEA9OU0tleWVkQXJjaGl2ZXKoCwwXGBkdJCVVJG51bGzTDQ4PEBEUViRjbGFzc1dOUy5rZXlzWk5TLm9iamVjdHOAB6ISE4ACgAOiFRaABIAGWWFsaWFzRGF0YVxyZWxhdGl2ZVBhdGjSDRobHFdOUy5kYXRhgAVPEQNwAAAAAANwAAIAAAdqb2huampyAAAAAAAAAAAAAAAAAAAAAAAAAADJDAlDSCsABQAAAIwWRWFybHlIaXNTZW1pZ3JvdXBzLnBkZgAAAAAAAAAAAAAAAAAAAAAAAAAAAAAAAAAAAAAAAAAAAAAAAAAAAAAAAAARkMmBT8cAAAAAAAAAAP////8AAA0CAAAAAAAAAAAAAAAAAAAAAUgAABAACAAAyQxPkwAAABEACAAAyYGWFwAAAAEADAAAAIwAAAB/AAAARgACADFqb2huampyOkRvY3VtZW50czpwYXBlcnM6SDpFYXJseUhpc1NlbWlncm91cHMucGRmAAAOAC4AFgBFAGEAcgBsAHkASABpAHMAUwBlAG0AaQBnAHIAbwB1AHAAcwAuAHAAZABmAA8AEAAHAGoAbwBoAG4AagBqAHIAEgAqL0RvY3VtZW50cy9wYXBlcnMvSC9FYXJseUhpc1NlbWlncm91cHMucGRmABMAEC9Wb2x1bWVzL2pvaG5qanIAFAHaAAAAAAHaAAIAAQxNYWNpbnRvc2ggSEQAAAAAAAAAAAAAAAAAAADIeaKySCsAAAAN/Pcaam9obmpqcl9pRGlzay5zcGFyc2VidW5kbGUAAAAAAAAAAAAAAAAAAAAAAAAAAAAAAAAAAAAAAAAAAAAAAAAAABeFL8kMCUMAAAAAAAAAAP////8AAAkgAAAAAAAAAAAAAAAAAAAADDAwMjUwMGEyNmY2NAAQAAgAAMh52vIAAAARAAgAAMkMT5MAAAABABQADfz3AA389gAKiMYACojFAAB8bAACAFBNYWNpbnRvc2ggSEQ6VXNlcnM6Sm9objpMaWJyYXJ5OkZpbGVTeW5jOjAwMjUwMGEyNmY2NDpqb2huampyX2lEaXNrLnNwYXJzZWJ1bmRsZQAOADYAGgBqAG8AaABuAGoAagByAF8AaQBEAGkAcwBrAC4AcwBwAGEAcgBzAGUAYgB1AG4AZABsAGUADwAaAAwATQBhAGMAaQBuAHQAbwBzAGgAIABIAEQAEgBDVXNlcnMvSm9obi9MaWJyYXJ5L0ZpbGVTeW5jLzAwMjUwMGEyNmY2NC9qb2huampyX2lEaXNrLnNwYXJzZWJ1bmRsZQAAEwABLwAAFQACAAv//wAAABYAB2pvaG5qanIA//8AANIeHyAhWCRjbGFzc2VzWiRjbGFzc25hbWWjISIjXU5TTXV0YWJsZURhdGFWTlNEYXRhWE5TT2JqZWN0XxBFLi4vLi4vLi4vLi4vVm9sdW1lcy9qb2huampyL0RvY3VtZW50cy9wYXBlcnMvSC9FYXJseUhpc1NlbWlncm91cHMucGRm0h4fJieiJyNcTlNEaWN0aW9uYXJ5AAgAEQAaAB8AKQAyADcAOgA/AEEAUwBcAGIAaQBwAHgAgwCFAIgAigCMAI8AkQCTAJ0AqgCvALcAuQQtBDIEOwRGBEoEWARfBGgEsAS1BLgAAAAAAAACAQAAAAAAAAAoAAAAAAAAAAAAAAAAAAAExQ==}}

@article{Hollings:2007uq,
	Author = {Christopher Hollings},
	Date-Added = {2011-02-16 09:53:41 -0500},
	Date-Modified = {2011-02-16 12:41:18 -0500},
	Journal = {Mathematics Magazine},
	Number = {5},
	Pages = {331--344},
	Title = {{Some First Tantalizing Steps into Semigroup Theory}},
	Volume = {80},
	Year = {2007},
	Bdsk-File-1 = {YnBsaXN0MDDUAQIDBAUGCQpYJHZlcnNpb25UJHRvcFkkYXJjaGl2ZXJYJG9iamVjdHMSAAGGoNEHCFRyb290gAFfEA9OU0tleWVkQXJjaGl2ZXKoCwwXGBkdJCVVJG51bGzTDQ4PEBEUViRjbGFzc1dOUy5rZXlzWk5TLm9iamVjdHOAB6ISE4ACgAOiFRaABIAGWWFsaWFzRGF0YVxyZWxhdGl2ZVBhdGjSDRobHFdOUy5kYXRhgAVPEQNsAAAAAANsAAIAAAdqb2huampyAAAAAAAAAAAAAAAAAAAAAAAAAADJDAlDSCsABQAAAIwVRmlyc3RTdGVwc1NlbWlncnAucGRmAAAAAAAAAAAAAAAAAAAAAAAAAAAAAAAAAAAAAAAAAAAAAAAAAAAAAAAAAAARjMmBT3wAAAAAAAAAAP////8AAA0CAAAAAAAAAAAAAAAAAAAAAUgAABAACAAAyQxPkwAAABEACAAAyYGVzAAAAAEADAAAAIwAAAB/AAAARgACADBqb2huampyOkRvY3VtZW50czpwYXBlcnM6SDpGaXJzdFN0ZXBzU2VtaWdycC5wZGYADgAsABUARgBpAHIAcwB0AFMAdABlAHAAcwBTAGUAbQBpAGcAcgBwAC4AcABkAGYADwAQAAcAagBvAGgAbgBqAGoAcgASACkvRG9jdW1lbnRzL3BhcGVycy9IL0ZpcnN0U3RlcHNTZW1pZ3JwLnBkZgAAEwAQL1ZvbHVtZXMvam9obmpqcgAUAdoAAAAAAdoAAgABDE1hY2ludG9zaCBIRAAAAAAAAAAAAAAAAAAAAMh5orJIKwAAAA389xpqb2huampyX2lEaXNrLnNwYXJzZWJ1bmRsZQAAAAAAAAAAAAAAAAAAAAAAAAAAAAAAAAAAAAAAAAAAAAAAAAAAF4UvyQwJQwAAAAAAAAAA/////wAACSAAAAAAAAAAAAAAAAAAAAAMMDAyNTAwYTI2ZjY0ABAACAAAyHna8gAAABEACAAAyQxPkwAAAAEAFAAN/PcADfz2AAqIxgAKiMUAAHxsAAIAUE1hY2ludG9zaCBIRDpVc2VyczpKb2huOkxpYnJhcnk6RmlsZVN5bmM6MDAyNTAwYTI2ZjY0OmpvaG5qanJfaURpc2suc3BhcnNlYnVuZGxlAA4ANgAaAGoAbwBoAG4AagBqAHIAXwBpAEQAaQBzAGsALgBzAHAAYQByAHMAZQBiAHUAbgBkAGwAZQAPABoADABNAGEAYwBpAG4AdABvAHMAaAAgAEgARAASAENVc2Vycy9Kb2huL0xpYnJhcnkvRmlsZVN5bmMvMDAyNTAwYTI2ZjY0L2pvaG5qanJfaURpc2suc3BhcnNlYnVuZGxlAAATAAEvAAAVAAIAC///AAAAFgAHam9obmpqcgD//wAA0h4fICFYJGNsYXNzZXNaJGNsYXNzbmFtZaMhIiNdTlNNdXRhYmxlRGF0YVZOU0RhdGFYTlNPYmplY3RfEEQuLi8uLi8uLi8uLi9Wb2x1bWVzL2pvaG5qanIvRG9jdW1lbnRzL3BhcGVycy9IL0ZpcnN0U3RlcHNTZW1pZ3JwLnBkZtIeHyYnoicjXE5TRGljdGlvbmFyeQAIABEAGgAfACkAMgA3ADoAPwBBAFMAXABiAGkAcAB4AIMAhQCIAIoAjACPAJEAkwCdAKoArwC3ALkEKQQuBDcEQgRGBFQEWwRkBKsEsASzAAAAAAAAAgEAAAAAAAAAKAAAAAAAAAAAAAAAAAAABMA=}}

@book{Clifford:1961fk,
	Author = {A. H. Clifford and G. B. Preston},
	Date-Added = {2011-02-16 09:50:24 -0500},
	Date-Modified = {2011-02-16 09:52:48 -0500},
	Number = {7},
	Publisher = {American Mathematical Society},
	Series = {Mathematical Surveys and Mongraphs},
	Title = {{The Algebraic Theory of Semigroups}},
	Volume = {1},
	Year = {1961}}

@article{Rav:1977ys,
	Author = {Yehuda Rav},
	Date-Added = {2011-02-12 00:35:16 -0500},
	Date-Modified = {2011-02-12 00:37:10 -0500},
	Journal = {Mathematische Nachrichten},
	Pages = {145--165},
	Title = {{Variants of Rado's Selection Lemma and their Applications}},
	Volume = {79},
	Year = {1977},
	Bdsk-File-1 = {YnBsaXN0MDDUAQIDBAUGCQpYJHZlcnNpb25UJHRvcFkkYXJjaGl2ZXJYJG9iamVjdHMSAAGGoNEHCFRyb290gAFfEA9OU0tleWVkQXJjaGl2ZXKoCwwXGBkdJCVVJG51bGzTDQ4PEBEUViRjbGFzc1dOUy5rZXlzWk5TLm9iamVjdHOAB6ISE4ACgAOiFRaABIAGWWFsaWFzRGF0YVxyZWxhdGl2ZVBhdGjSDRobHFdOUy5kYXRhgAVPEQNkAAAAAANkAAIAAAdqb2huampyAAAAAAAAAAAAAAAAAAAAAAAAAADJDAlDSCsABQAAAJoTMTk3NzA3OTAxMTJfZnRwLnBkZgAAAAAAAAAAAAAAAAAAAAAAAAAAAAAAAAAAAAAAAAAAAAAAAAAAAAAAAAAAAAAMmcltygAAAAAAAAAAAP////8AAA0CAAAAAAAAAAAAAAAAAAAAAVIAABAACAAAyQxPkwAAABEACAAAyW4QUAAAAAEADAAAAJoAAAB/AAAARgACAC5qb2huampyOkRvY3VtZW50czpwYXBlcnM6UjoxOTc3MDc5MDExMl9mdHAucGRmAA4AKAATADEAOQA3ADcAMAA3ADkAMAAxADEAMgBfAGYAdABwAC4AcABkAGYADwAQAAcAagBvAGgAbgBqAGoAcgASACcvRG9jdW1lbnRzL3BhcGVycy9SLzE5NzcwNzkwMTEyX2Z0cC5wZGYAABMAEC9Wb2x1bWVzL2pvaG5qanIAFAHaAAAAAAHaAAIAAQxNYWNpbnRvc2ggSEQAAAAAAAAAAAAAAAAAAADIeaKySCsAAAAN/Pcaam9obmpqcl9pRGlzay5zcGFyc2VidW5kbGUAAAAAAAAAAAAAAAAAAAAAAAAAAAAAAAAAAAAAAAAAAAAAAAAAABeFL8kMCUMAAAAAAAAAAP////8AAAkgAAAAAAAAAAAAAAAAAAAADDAwMjUwMGEyNmY2NAAQAAgAAMh52vIAAAARAAgAAMkMT5MAAAABABQADfz3AA389gAKiMYACojFAAB8bAACAFBNYWNpbnRvc2ggSEQ6VXNlcnM6Sm9objpMaWJyYXJ5OkZpbGVTeW5jOjAwMjUwMGEyNmY2NDpqb2huampyX2lEaXNrLnNwYXJzZWJ1bmRsZQAOADYAGgBqAG8AaABuAGoAagByAF8AaQBEAGkAcwBrAC4AcwBwAGEAcgBzAGUAYgB1AG4AZABsAGUADwAaAAwATQBhAGMAaQBuAHQAbwBzAGgAIABIAEQAEgBDVXNlcnMvSm9obi9MaWJyYXJ5L0ZpbGVTeW5jLzAwMjUwMGEyNmY2NC9qb2huampyX2lEaXNrLnNwYXJzZWJ1bmRsZQAAEwABLwAAFQACAAv//wAAABYAB2pvaG5qanIA//8AANIeHyAhWCRjbGFzc2VzWiRjbGFzc25hbWWjISIjXU5TTXV0YWJsZURhdGFWTlNEYXRhWE5TT2JqZWN0XxBCLi4vLi4vLi4vLi4vVm9sdW1lcy9qb2huampyL0RvY3VtZW50cy9wYXBlcnMvUi8xOTc3MDc5MDExMl9mdHAucGRm0h4fJieiJyNcTlNEaWN0aW9uYXJ5AAgAEQAaAB8AKQAyADcAOgA/AEEAUwBcAGIAaQBwAHgAgwCFAIgAigCMAI8AkQCTAJ0AqgCvALcAuQQhBCYELwQ6BD4ETARTBFwEoQSmBKkAAAAAAAACAQAAAAAAAAAoAAAAAAAAAAAAAAAAAAAEtg==}}

@article{Hindman:2009vn,
	Author = {Neil Hindman and Dona Strauss},
	Date-Added = {2011-02-12 00:17:53 -0500},
	Date-Modified = {2011-02-12 00:18:45 -0500},
	Journal = {New York Journal of Mathematics},
	Pages = {405--413},
	Title = {{A simple characterization of sets satisfying the Central Sets Theorem}},
	Volume = {15},
	Year = {2009},
	Bdsk-File-1 = {YnBsaXN0MDDUAQIDBAUGCQpYJHZlcnNpb25UJHRvcFkkYXJjaGl2ZXJYJG9iamVjdHMSAAGGoNEHCFRyb290gAFfEA9OU0tleWVkQXJjaGl2ZXKoCwwXGBkdJCVVJG51bGzTDQ4PEBEUViRjbGFzc1dOUy5rZXlzWk5TLm9iamVjdHOAB6ISE4ACgAOiFRaABIAGWWFsaWFzRGF0YVxyZWxhdGl2ZVBhdGjSDRobHFdOUy5kYXRhgAVPEQM8AAAAAAM8AAIAAAdqb2huampyAAAAAAAAAAAAAAAAAAAAAAAAAADJDAlDSCsABQAAAIwJMTUtMjEucGRmAAAAAAAAAAAAAAAAAAAAAAAAAAAAAAAAAAAAAAAAAAAAAAAAAAAAAAAAAAAAAAAAAAAAAAAAAAABb8jblVAAAAAAAAAAAP////8AAA0CAAAAAAAAAAAAAAAAAAAAAUgAABAACAAAyQxPkwAAABEACAAAyNvNkAAAAAEADAAAAIwAAAB/AAAARgACACRqb2huampyOkRvY3VtZW50czpwYXBlcnM6SDoxNS0yMS5wZGYADgAUAAkAMQA1AC0AMgAxAC4AcABkAGYADwAQAAcAagBvAGgAbgBqAGoAcgASAB0vRG9jdW1lbnRzL3BhcGVycy9ILzE1LTIxLnBkZgAAEwAQL1ZvbHVtZXMvam9obmpqcgAUAdoAAAAAAdoAAgABDE1hY2ludG9zaCBIRAAAAAAAAAAAAAAAAAAAAMh5orJIKwAAAA389xpqb2huampyX2lEaXNrLnNwYXJzZWJ1bmRsZQAAAAAAAAAAAAAAAAAAAAAAAAAAAAAAAAAAAAAAAAAAAAAAAAAAF4UvyQwJQwAAAAAAAAAA/////wAACSAAAAAAAAAAAAAAAAAAAAAMMDAyNTAwYTI2ZjY0ABAACAAAyHna8gAAABEACAAAyQxPkwAAAAEAFAAN/PcADfz2AAqIxgAKiMUAAHxsAAIAUE1hY2ludG9zaCBIRDpVc2VyczpKb2huOkxpYnJhcnk6RmlsZVN5bmM6MDAyNTAwYTI2ZjY0OmpvaG5qanJfaURpc2suc3BhcnNlYnVuZGxlAA4ANgAaAGoAbwBoAG4AagBqAHIAXwBpAEQAaQBzAGsALgBzAHAAYQByAHMAZQBiAHUAbgBkAGwAZQAPABoADABNAGEAYwBpAG4AdABvAHMAaAAgAEgARAASAENVc2Vycy9Kb2huL0xpYnJhcnkvRmlsZVN5bmMvMDAyNTAwYTI2ZjY0L2pvaG5qanJfaURpc2suc3BhcnNlYnVuZGxlAAATAAEvAAAVAAIAC///AAAAFgAHam9obmpqcgD//wAA0h4fICFYJGNsYXNzZXNaJGNsYXNzbmFtZaMhIiNdTlNNdXRhYmxlRGF0YVZOU0RhdGFYTlNPYmplY3RfEDguLi8uLi8uLi8uLi9Wb2x1bWVzL2pvaG5qanIvRG9jdW1lbnRzL3BhcGVycy9ILzE1LTIxLnBkZtIeHyYnoicjXE5TRGljdGlvbmFyeQAIABEAGgAfACkAMgA3ADoAPwBBAFMAXABiAGkAcAB4AIMAhQCIAIoAjACPAJEAkwCdAKoArwC3ALkD+QP+BAcEEgQWBCQEKwQ0BG8EdAR3AAAAAAAAAgEAAAAAAAAAKAAAAAAAAAAAAAAAAAAABIQ=}}

@article{Suschkewitsch:1928kx,
	Author = {Anton Kazimirovich Suschkewitsch},
	Date-Added = {2011-02-10 20:30:47 -0500},
	Date-Modified = {2011-02-10 20:32:45 -0500},
	Journal = {Mathematische Annalen},
	Pages = {30--50},
	Title = {{\H{U}ber die endlichen Gruppen ohne das Gesetz der eindeutigen Umkehrbarkeit}},
	Volume = {88},
	Year = {1928}}

@article{Hollings:2009uq,
	Author = {Christopher Hollings},
	Date-Added = {2011-02-10 20:25:04 -0500},
	Date-Modified = {2011-02-10 20:26:51 -0500},
	Journal = {BSHM Bulletin: Journal of the British Society for the History of Mathematics},
	Number = {3},
	Pages = {172--179},
	Title = {{Anton Kazimirovich Suschkewitsch (1889-1961)}},
	Volume = {24},
	Year = {2009},
	Bdsk-File-1 = {YnBsaXN0MDDUAQIDBAUGCQpYJHZlcnNpb25UJHRvcFkkYXJjaGl2ZXJYJG9iamVjdHMSAAGGoNEHCFRyb290gAFfEA9OU0tleWVkQXJjaGl2ZXKoCwwXGBkdJCVVJG51bGzTDQ4PEBEUViRjbGFzc1dOUy5rZXlzWk5TLm9iamVjdHOAB6ISE4ACgAOiFRaABIAGWWFsaWFzRGF0YVxyZWxhdGl2ZVBhdGjSDRobHFdOUy5kYXRhgAVPEQNoAAAAAANoAAIAAAdqb2huampyAAAAAAAAAAAAAAAAAAAAAAAAAADJDAlDSCsABQAAAIwUU3VzY2hrZXdpdHNjaEJpby5wZGYAAAAAAAAAAAAAAAAAAAAAAAAAAAAAAAAAAAAAAAAAAAAAAAAAAAAAAAAAAAAMBsl59rwAAAAAAAAAAP////8AAA0CAAAAAAAAAAAAAAAAAAAAAUgAABAACAAAyQxPkwAAABEACAAAyXo9DAAAAAEADAAAAIwAAAB/AAAARgACAC9qb2huampyOkRvY3VtZW50czpwYXBlcnM6SDpTdXNjaGtld2l0c2NoQmlvLnBkZgAADgAqABQAUwB1AHMAYwBoAGsAZQB3AGkAdABzAGMAaABCAGkAbwAuAHAAZABmAA8AEAAHAGoAbwBoAG4AagBqAHIAEgAoL0RvY3VtZW50cy9wYXBlcnMvSC9TdXNjaGtld2l0c2NoQmlvLnBkZgATABAvVm9sdW1lcy9qb2huampyABQB2gAAAAAB2gACAAEMTWFjaW50b3NoIEhEAAAAAAAAAAAAAAAAAAAAyHmiskgrAAAADfz3GmpvaG5qanJfaURpc2suc3BhcnNlYnVuZGxlAAAAAAAAAAAAAAAAAAAAAAAAAAAAAAAAAAAAAAAAAAAAAAAAAAAXhS/JDAlDAAAAAAAAAAD/////AAAJIAAAAAAAAAAAAAAAAAAAAAwwMDI1MDBhMjZmNjQAEAAIAADIedryAAAAEQAIAADJDE+TAAAAAQAUAA389wAN/PYACojGAAqIxQAAfGwAAgBQTWFjaW50b3NoIEhEOlVzZXJzOkpvaG46TGlicmFyeTpGaWxlU3luYzowMDI1MDBhMjZmNjQ6am9obmpqcl9pRGlzay5zcGFyc2VidW5kbGUADgA2ABoAagBvAGgAbgBqAGoAcgBfAGkARABpAHMAawAuAHMAcABhAHIAcwBlAGIAdQBuAGQAbABlAA8AGgAMAE0AYQBjAGkAbgB0AG8AcwBoACAASABEABIAQ1VzZXJzL0pvaG4vTGlicmFyeS9GaWxlU3luYy8wMDI1MDBhMjZmNjQvam9obmpqcl9pRGlzay5zcGFyc2VidW5kbGUAABMAAS8AABUAAgAL//8AAAAWAAdqb2huampyAP//AADSHh8gIVgkY2xhc3Nlc1okY2xhc3NuYW1loyEiI11OU011dGFibGVEYXRhVk5TRGF0YVhOU09iamVjdF8QQy4uLy4uLy4uLy4uL1ZvbHVtZXMvam9obmpqci9Eb2N1bWVudHMvcGFwZXJzL0gvU3VzY2hrZXdpdHNjaEJpby5wZGbSHh8mJ6InI1xOU0RpY3Rpb25hcnkACAARABoAHwApADIANwA6AD8AQQBTAFwAYgBpAHAAeACDAIUAiACKAIwAjwCRAJMAnQCqAK8AtwC5BCUEKgQzBD4EQgRQBFcEYASmBKsErgAAAAAAAAIBAAAAAAAAACgAAAAAAAAAAAAAAAAAAAS7}}

@incollection{Hindman:1979fk,
	Author = {Neil Hindman},
	Booktitle = {Number Theory Carbondale},
	Date-Added = {2011-02-09 19:56:06 -0500},
	Date-Modified = {2011-02-09 19:57:56 -0500},
	Pages = {119--184},
	Publisher = {Springer},
	Series = {Lecture Notes in Mathematics},
	Title = {{Ultrafilters and combinatorial number theory}},
	Volume = {751},
	Year = {1979}}

@incollection{Van-der-Waerden:1971fk,
	Address = {London},
	Author = {Van der Waerden, Bartel Leendert},
	Booktitle = {Studies in Pure Mathematics (Presented to Richard Rado)},
	Date-Added = {2011-01-27 20:13:23 -0500},
	Date-Modified = {2011-01-27 20:15:38 -0500},
	Pages = {251--260},
	Publisher = {Academic Press},
	Title = {{How the proof of Baudet's conjecture was found}},
	Year = {1971}}

@article{Rado:1933vn,
	Author = {Richard Rado},
	Date-Added = {2011-01-26 23:26:17 -0500},
	Date-Modified = {2011-01-26 23:28:39 -0500},
	Journal = {Mathematische Zeitschrift},
	Pages = {242--280},
	Title = {{Studien zur Kombinatorik}},
	Volume = {36},
	Year = {1933},
	Bdsk-File-1 = {YnBsaXN0MDDUAQIDBAUGCQpYJHZlcnNpb25UJHRvcFkkYXJjaGl2ZXJYJG9iamVjdHMSAAGGoNEHCFRyb290gAFfEA9OU0tleWVkQXJjaGl2ZXKoCwwXGBkdJCVVJG51bGzTDQ4PEBEUViRjbGFzc1dOUy5rZXlzWk5TLm9iamVjdHOAB6ISE4ACgAOiFRaABIAGWWFsaWFzRGF0YVxyZWxhdGl2ZVBhdGjSDRobHFdOUy5kYXRhgAVPEQNoAAAAAANoAAIAAAdqb2huampyAAAAAAAAAAAAAAAAAAAAAAAAAADJDAlDSCsABQAAAJoUcmFkb2Rpc3NlcnRhdGlvbi5wZGYAAAAAAAAAAAAAAAAAAAAAAAAAAAAAAAAAAAAAAAAAAAAAAAAAAAAAAAAAAAACqckdaDcAAAAAAAAAAP////8AAA0CAAAAAAAAAAAAAAAAAAAAAVIAABAACAAAyQxPkwAAABEACAAAyR2uhwAAAAEADAAAAJoAAAB/AAAARgACAC9qb2huampyOkRvY3VtZW50czpwYXBlcnM6UjpyYWRvZGlzc2VydGF0aW9uLnBkZgAADgAqABQAcgBhAGQAbwBkAGkAcwBzAGUAcgB0AGEAdABpAG8AbgAuAHAAZABmAA8AEAAHAGoAbwBoAG4AagBqAHIAEgAoL0RvY3VtZW50cy9wYXBlcnMvUi9yYWRvZGlzc2VydGF0aW9uLnBkZgATABAvVm9sdW1lcy9qb2huampyABQB2gAAAAAB2gACAAEMTWFjaW50b3NoIEhEAAAAAAAAAAAAAAAAAAAAyHmiskgrAAAADfz3GmpvaG5qanJfaURpc2suc3BhcnNlYnVuZGxlAAAAAAAAAAAAAAAAAAAAAAAAAAAAAAAAAAAAAAAAAAAAAAAAAAAXhS/JDAlDAAAAAAAAAAD/////AAAJIAAAAAAAAAAAAAAAAAAAAAwwMDI1MDBhMjZmNjQAEAAIAADIedryAAAAEQAIAADJDE+TAAAAAQAUAA389wAN/PYACojGAAqIxQAAfGwAAgBQTWFjaW50b3NoIEhEOlVzZXJzOkpvaG46TGlicmFyeTpGaWxlU3luYzowMDI1MDBhMjZmNjQ6am9obmpqcl9pRGlzay5zcGFyc2VidW5kbGUADgA2ABoAagBvAGgAbgBqAGoAcgBfAGkARABpAHMAawAuAHMAcABhAHIAcwBlAGIAdQBuAGQAbABlAA8AGgAMAE0AYQBjAGkAbgB0AG8AcwBoACAASABEABIAQ1VzZXJzL0pvaG4vTGlicmFyeS9GaWxlU3luYy8wMDI1MDBhMjZmNjQvam9obmpqcl9pRGlzay5zcGFyc2VidW5kbGUAABMAAS8AABUAAgAL//8AAAAWAAdqb2huampyAP//AADSHh8gIVgkY2xhc3Nlc1okY2xhc3NuYW1loyEiI11OU011dGFibGVEYXRhVk5TRGF0YVhOU09iamVjdF8QQy4uLy4uLy4uLy4uL1ZvbHVtZXMvam9obmpqci9Eb2N1bWVudHMvcGFwZXJzL1IvcmFkb2Rpc3NlcnRhdGlvbi5wZGbSHh8mJ6InI1xOU0RpY3Rpb25hcnkACAARABoAHwApADIANwA6AD8AQQBTAFwAYgBpAHAAeACDAIUAiACKAIwAjwCRAJMAnQCqAK8AtwC5BCUEKgQzBD4EQgRQBFcEYASmBKsErgAAAAAAAAIBAAAAAAAAACgAAAAAAAAAAAAAAAAAAAS7}}

@article{Schur:1916kx,
	Author = {Iassi Schur},
	Date-Added = {2011-01-26 20:35:58 -0500},
	Date-Modified = {2011-01-26 20:37:59 -0500},
	Journal = {Jahresbericht der Deutschen Mathematiker-Vereinigung},
	Pages = {114--117},
	Title = {{\"{U}ber die Kongruenz $x^m+y^m=z^m \pmod p$}},
	Volume = {25},
	Year = {1916}}

@article{Hilbert:1892uq,
	Author = {David Hilbert},
	Date-Added = {2011-01-26 20:31:25 -0500},
	Date-Modified = {2011-01-26 20:35:03 -0500},
	Journal = {Journal f\"{u}r die reine und angewandte Mathematik},
	Pages = {104--129},
	Title = {{\"{U}ber die Irreduzibilit\"{a}t ganzer rationaler Funktionen mit ganzzahlingen Koeffizienten}},
	Volume = {110},
	Year = {1892}}

@unpublished{Forms:2003fk,
	Author = {First Life Forms},
	Date-Added = {2011-01-26 20:27:57 -0500},
	Date-Modified = {2011-01-26 20:30:41 -0500},
	Title = {{Pigeonhole Principle and Eating}},
	Year = {approximately 3 billion years ago}}

@book{Soifer:2009fk,
	Author = {Alexander Soifer},
	Date-Added = {2011-01-19 20:09:03 -0500},
	Date-Modified = {2011-01-19 20:10:45 -0500},
	Publisher = {Springer},
	Title = {The Mathematical Coloring Book: Mathematics of Coloring and the Colorful Life of its Creators},
	Year = {2009}}

@article{Graham:1972fk,
	Author = {R. L. Graham and K. Leeb and B.L. Rothschild},
	Date-Added = {2011-01-19 00:37:54 -0500},
	Date-Modified = {2011-01-19 00:39:08 -0500},
	Journal = {Advances in Mathematics},
	Month = {June},
	Number = {3},
	Pages = {417--33},
	Title = {{Ramsey's Theorem for a Class of Categories}},
	Volume = {8},
	Year = {1972},
	Bdsk-File-1 = {YnBsaXN0MDDUAQIDBAUGCQpYJHZlcnNpb25UJHRvcFkkYXJjaGl2ZXJYJG9iamVjdHMSAAGGoNEHCFRyb290gAFfEA9OU0tleWVkQXJjaGl2ZXKoCwwXGBkdJCVVJG51bGzTDQ4PEBEUViRjbGFzc1dOUy5rZXlzWk5TLm9iamVjdHOAB6ISE4ACgAOiFRaABIAGWWFsaWFzRGF0YVxyZWxhdGl2ZVBhdGjSDRobHFdOUy5kYXRhgAVPEQOEAAAAAAOEAAIAAAdqb2huampyAAAAAAAAAAAAAAAAAAAAAAAAAADJDAlDSCsABQAAAIobNzJfMDlfcmFtc2V5X2NhdGVnb3JpZXMucGRmAAAAAAAAAAAAAAAAAAAAAAAAAAAAAAAAAAAAAAAAAAAAAAAAAAAG4Mlbop8AAAAAAAAAAP////8AAA0CAAAAAAAAAAAAAAAAAAAAAUcAABAACAAAyQxPkwAAABEACAAAyVvo7wAAAAEADAAAAIoAAAB/AAAARgACADZqb2huampyOkRvY3VtZW50czpwYXBlcnM6Rzo3Ml8wOV9yYW1zZXlfY2F0ZWdvcmllcy5wZGYADgA4ABsANwAyAF8AMAA5AF8AcgBhAG0AcwBlAHkAXwBjAGEAdABlAGcAbwByAGkAZQBzAC4AcABkAGYADwAQAAcAagBvAGgAbgBqAGoAcgASAC8vRG9jdW1lbnRzL3BhcGVycy9HLzcyXzA5X3JhbXNleV9jYXRlZ29yaWVzLnBkZgAAEwAQL1ZvbHVtZXMvam9obmpqcgAUAdoAAAAAAdoAAgABDE1hY2ludG9zaCBIRAAAAAAAAAAAAAAAAAAAAMh5orJIKwAAAA389xpqb2huampyX2lEaXNrLnNwYXJzZWJ1bmRsZQAAAAAAAAAAAAAAAAAAAAAAAAAAAAAAAAAAAAAAAAAAAAAAAAAAF4UvyQwJQwAAAAAAAAAA/////wAACSAAAAAAAAAAAAAAAAAAAAAMMDAyNTAwYTI2ZjY0ABAACAAAyHna8gAAABEACAAAyQxPkwAAAAEAFAAN/PcADfz2AAqIxgAKiMUAAHxsAAIAUE1hY2ludG9zaCBIRDpVc2VyczpKb2huOkxpYnJhcnk6RmlsZVN5bmM6MDAyNTAwYTI2ZjY0OmpvaG5qanJfaURpc2suc3BhcnNlYnVuZGxlAA4ANgAaAGoAbwBoAG4AagBqAHIAXwBpAEQAaQBzAGsALgBzAHAAYQByAHMAZQBiAHUAbgBkAGwAZQAPABoADABNAGEAYwBpAG4AdABvAHMAaAAgAEgARAASAENVc2Vycy9Kb2huL0xpYnJhcnkvRmlsZVN5bmMvMDAyNTAwYTI2ZjY0L2pvaG5qanJfaURpc2suc3BhcnNlYnVuZGxlAAATAAEvAAAVAAIAC///AAAAFgAHam9obmpqcgD//wAA0h4fICFYJGNsYXNzZXNaJGNsYXNzbmFtZaMhIiNdTlNNdXRhYmxlRGF0YVZOU0RhdGFYTlNPYmplY3RfEEouLi8uLi8uLi8uLi9Wb2x1bWVzL2pvaG5qanIvRG9jdW1lbnRzL3BhcGVycy9HLzcyXzA5X3JhbXNleV9jYXRlZ29yaWVzLnBkZtIeHyYnoicjXE5TRGljdGlvbmFyeQAIABEAGgAfACkAMgA3ADoAPwBBAFMAXABiAGkAcAB4AIMAhQCIAIoAjACPAJEAkwCdAKoArwC3ALkEQQRGBE8EWgReBGwEcwR8BMkEzgTRAAAAAAAAAgEAAAAAAAAAKAAAAAAAAAAAAAAAAAAABN4=}}

@article{Hales:1963fk,
	Author = {A. W. Hales and R. I. Jewett},
	Date-Added = {2011-01-18 20:45:26 -0500},
	Date-Modified = {2011-01-18 20:47:25 -0500},
	Journal = {Transactions of the American Mathematical Society},
	Month = {Feburary},
	Number = {2},
	Pages = {222--229},
	Title = {{Regularity and Positional Games}},
	Volume = {106},
	Year = {1963},
	Bdsk-File-1 = {YnBsaXN0MDDUAQIDBAUGCQpYJHZlcnNpb25UJHRvcFkkYXJjaGl2ZXJYJG9iamVjdHMSAAGGoNEHCFRyb290gAFfEA9OU0tleWVkQXJjaGl2ZXKoCwwXGBkdJCVVJG51bGzTDQ4PEBEUViRjbGFzc1dOUy5rZXlzWk5TLm9iamVjdHOAB6ISE4ACgAOiFRaABIAGWWFsaWFzRGF0YVxyZWxhdGl2ZVBhdGjSDRobHFdOUy5kYXRhgAVPEQNgAAAAAANgAAIAAAdqb2huampyAAAAAAAAAAAAAAAAAAAAAAAAAADJDAlDSCsABQAAAIwSSGFsZXNKZXdldHRUaG0ucGRmAAAAAAAAAAAAAAAAAAAAAAAAAAAAAAAAAAAAAAAAAAAAAAAAAAAAAAAAAAAAAAAD5slSKRcAAAAAAAAAAP////8AAA0CAAAAAAAAAAAAAAAAAAAAAUgAABAACAAAyQxPkwAAABEACAAAyVJvZwAAAAEADAAAAIwAAAB/AAAARgACAC1qb2huampyOkRvY3VtZW50czpwYXBlcnM6SDpIYWxlc0pld2V0dFRobS5wZGYAAA4AJgASAEgAYQBsAGUAcwBKAGUAdwBlAHQAdABUAGgAbQAuAHAAZABmAA8AEAAHAGoAbwBoAG4AagBqAHIAEgAmL0RvY3VtZW50cy9wYXBlcnMvSC9IYWxlc0pld2V0dFRobS5wZGYAEwAQL1ZvbHVtZXMvam9obmpqcgAUAdoAAAAAAdoAAgABDE1hY2ludG9zaCBIRAAAAAAAAAAAAAAAAAAAAMh5orJIKwAAAA389xpqb2huampyX2lEaXNrLnNwYXJzZWJ1bmRsZQAAAAAAAAAAAAAAAAAAAAAAAAAAAAAAAAAAAAAAAAAAAAAAAAAAF4UvyQwJQwAAAAAAAAAA/////wAACSAAAAAAAAAAAAAAAAAAAAAMMDAyNTAwYTI2ZjY0ABAACAAAyHna8gAAABEACAAAyQxPkwAAAAEAFAAN/PcADfz2AAqIxgAKiMUAAHxsAAIAUE1hY2ludG9zaCBIRDpVc2VyczpKb2huOkxpYnJhcnk6RmlsZVN5bmM6MDAyNTAwYTI2ZjY0OmpvaG5qanJfaURpc2suc3BhcnNlYnVuZGxlAA4ANgAaAGoAbwBoAG4AagBqAHIAXwBpAEQAaQBzAGsALgBzAHAAYQByAHMAZQBiAHUAbgBkAGwAZQAPABoADABNAGEAYwBpAG4AdABvAHMAaAAgAEgARAASAENVc2Vycy9Kb2huL0xpYnJhcnkvRmlsZVN5bmMvMDAyNTAwYTI2ZjY0L2pvaG5qanJfaURpc2suc3BhcnNlYnVuZGxlAAATAAEvAAAVAAIAC///AAAAFgAHam9obmpqcgD//wAA0h4fICFYJGNsYXNzZXNaJGNsYXNzbmFtZaMhIiNdTlNNdXRhYmxlRGF0YVZOU0RhdGFYTlNPYmplY3RfEEEuLi8uLi8uLi8uLi9Wb2x1bWVzL2pvaG5qanIvRG9jdW1lbnRzL3BhcGVycy9IL0hhbGVzSmV3ZXR0VGhtLnBkZtIeHyYnoicjXE5TRGljdGlvbmFyeQAIABEAGgAfACkAMgA3ADoAPwBBAFMAXABiAGkAcAB4AIMAhQCIAIoAjACPAJEAkwCdAKoArwC3ALkEHQQiBCsENgQ6BEgETwRYBJwEoQSkAAAAAAAAAgEAAAAAAAAAKAAAAAAAAAAAAAAAAAAABLE=}}

@article{Bergelson:1992fk,
	Author = {Vitaly Bergelson and Neil Hindman},
	Date-Added = {2011-01-18 14:49:16 -0500},
	Date-Modified = {2011-01-18 14:53:54 -0500},
	Journal = {Transactions of the American Mathematical Society},
	Keywords = {Ramsey theory, noncommutative semigroups, van der Waerden's Theorem},
	Month = {March},
	Number = {1},
	Pages = {433--446},
	Title = {{Ramsey Theory in Noncommutative Semigroups}},
	Volume = {330},
	Year = {1992},
	Bdsk-File-1 = {YnBsaXN0MDDUAQIDBAUGCQpYJHZlcnNpb25UJHRvcFkkYXJjaGl2ZXJYJG9iamVjdHMSAAGGoNEHCFRyb290gAFfEA9OU0tleWVkQXJjaGl2ZXKoCwwXGBkdJCVVJG51bGzTDQ4PEBEUViRjbGFzc1dOUy5rZXlzWk5TLm9iamVjdHOAB6ISE4ACgAOiFRaABIAGWWFsaWFzRGF0YVxyZWxhdGl2ZVBhdGjSDRobHFdOUy5kYXRhgAVPEQN4AAAAAAN4AAIAAAdqb2huampyAAAAAAAAAAAAAAAAAAAAAAAAAADJDAlDSCsABQAAAIAYUmFtc2V5Tm9uQ29tbVNlbWlHcnAucGRmAAAAAAAAAAAAAAAAAAAAAAAAAAAAAAAAAAAAAAAAAAAAAAAAAAAAAAABFcjIuyYAAAAAAAAAAP////8AAA0CAAAAAAAAAAAAAAAAAAAAAUIAABAACAAAyQxPkwAAABEACAAAyMjzZgAAAAEADAAAAIAAAAB/AAAARgACADNqb2huampyOkRvY3VtZW50czpwYXBlcnM6QjpSYW1zZXlOb25Db21tU2VtaUdycC5wZGYAAA4AMgAYAFIAYQBtAHMAZQB5AE4AbwBuAEMAbwBtAG0AUwBlAG0AaQBHAHIAcAAuAHAAZABmAA8AEAAHAGoAbwBoAG4AagBqAHIAEgAsL0RvY3VtZW50cy9wYXBlcnMvQi9SYW1zZXlOb25Db21tU2VtaUdycC5wZGYAEwAQL1ZvbHVtZXMvam9obmpqcgAUAdoAAAAAAdoAAgABDE1hY2ludG9zaCBIRAAAAAAAAAAAAAAAAAAAAMh5orJIKwAAAA389xpqb2huampyX2lEaXNrLnNwYXJzZWJ1bmRsZQAAAAAAAAAAAAAAAAAAAAAAAAAAAAAAAAAAAAAAAAAAAAAAAAAAF4UvyQwJQwAAAAAAAAAA/////wAACSAAAAAAAAAAAAAAAAAAAAAMMDAyNTAwYTI2ZjY0ABAACAAAyHna8gAAABEACAAAyQxPkwAAAAEAFAAN/PcADfz2AAqIxgAKiMUAAHxsAAIAUE1hY2ludG9zaCBIRDpVc2VyczpKb2huOkxpYnJhcnk6RmlsZVN5bmM6MDAyNTAwYTI2ZjY0OmpvaG5qanJfaURpc2suc3BhcnNlYnVuZGxlAA4ANgAaAGoAbwBoAG4AagBqAHIAXwBpAEQAaQBzAGsALgBzAHAAYQByAHMAZQBiAHUAbgBkAGwAZQAPABoADABNAGEAYwBpAG4AdABvAHMAaAAgAEgARAASAENVc2Vycy9Kb2huL0xpYnJhcnkvRmlsZVN5bmMvMDAyNTAwYTI2ZjY0L2pvaG5qanJfaURpc2suc3BhcnNlYnVuZGxlAAATAAEvAAAVAAIAC///AAAAFgAHam9obmpqcgD//wAA0h4fICFYJGNsYXNzZXNaJGNsYXNzbmFtZaMhIiNdTlNNdXRhYmxlRGF0YVZOU0RhdGFYTlNPYmplY3RfEEcuLi8uLi8uLi8uLi9Wb2x1bWVzL2pvaG5qanIvRG9jdW1lbnRzL3BhcGVycy9CL1JhbXNleU5vbkNvbW1TZW1pR3JwLnBkZtIeHyYnoicjXE5TRGljdGlvbmFyeQAIABEAGgAfACkAMgA3ADoAPwBBAFMAXABiAGkAcAB4AIMAhQCIAIoAjACPAJEAkwCdAKoArwC3ALkENQQ6BEMETgRSBGAEZwRwBLoEvwTCAAAAAAAAAgEAAAAAAAAAKAAAAAAAAAAAAAAAAAAABM8=}}

@article{Hindman:1974fk,
	Abstract = {The principal result of this paper establishes the validity of a conjecture by Graham and Rothschild. This states that , if the natural numbers are divided into two classes, then there is a sequence drawn from one of these classes such that all finite sums of disctinct members of that sequence remain in the same class.},
	Author = {Hindman, Neil},
	Date-Added = {2010-12-02 00:35:39 -0500},
	Date-Modified = {2010-12-02 00:40:06 -0500},
	Journal = {Journal of Combinatorial Theory (A)},
	Pages = {1--17},
	Title = {Finite Sums from Sequences Within Cells of a Partition of $\mathbb{N}$},
	Volume = {17},
	Year = {1974}}

@article{De:2008uq,
	Author = {De, Dibyendu and Neil Hindman and Dona Strauss},
	Bdsk-File-1 = {YnBsaXN0MDDUAQIDBAUIJidUJHRvcFgkb2JqZWN0c1gkdmVyc2lvblkkYXJjaGl2ZXLRBgdUcm9vdIABqAkKFRYXGyIjVSRudWxs0wsMDQ4RFFpOUy5vYmplY3RzV05TLmtleXNWJGNsYXNzog8QgASABqISE4ACgAOAB1lhbGlhc0RhdGFccmVsYXRpdmVQYXRo0hgNGRpXTlMuZGF0YU8RA3AAAAAAA3AAAgAAB2pvaG5qanIAAAAAAAAAAAAAAAAAAAAAAAAAAMkArhxIKwAFAAAAiQ5uZXdjZW50cmFsLnBkZgAAAAAAAAAAAAAAAAAAAAAAAAAAAAAAAAAAAAAAAAAAAAAAAAAAAAAAAAAAAAAAAAAAAAFQyMi6MAAAAAAAAAAA/////wAADQIAAAAAAAAAAAAAAAAAAAABRAAAEAAIAADJAPRsAAAAEQAIAADIyPJwAAAAAQAMAAAAiQAAAIMAAABfAAIAKWpvaG5qanI6RG9jdW1lbnRzOnBhcGVyczpEOm5ld2NlbnRyYWwucGRmAAAOAB4ADgBuAGUAdwBjAGUAbgB0AHIAYQBsAC4AcABkAGYADwAQAAcAagBvAGgAbgBqAGoAcgASACIvRG9jdW1lbnRzL3BhcGVycy9EL2RyYWwucGRmABMAEC9Wb2x1bWVzL2pvaG5qanIAFAH6AAAAAAH6AAIAARRNYWNpbnRvc2ggSGFyZCBEcml2ZQAAAAAAAADJAJf9SCsAAAAKL6Maam9obmpqcl9pRGlzay5zcGFyc2VidW5kbGUAAAAAAAAAAAAAAAAAAAAAAAAAAAAAAAAAAAAAAAAAAAAAAAAAAApAw8kArhwAAAAAAAAAAP////8AAAkgAAAAAAAAAAAAAAAAAAAADDAwMWI2Mzk1NGY2MQAQAAgAAMkA3k0AAAARAAgAAMkA9GwAAAABABQACi+jAAovogAFq5QABauTAACRnwACAFxNYWNpbnRvc2ggSGFyZCBEcml2ZTpVc2Vyczpqb2huc29qaDpMaWJyYXJ5OkZpbGVTeW5jOjAwMWI2Mzk1NGY2MTpqb2huampyX2lEaXNrLnNwYXJzZWJ1bmRsZQAOADYAGgBqAG8AaABuAGoAagByAF8AaQBEAGkAcwBrAC4AcwBwAGEAcgBzAGUAYgB1AG4AZABsAGUADwAqABQATQBhAGMAaQBuAHQAbwBzAGgAIABIAGEAcgBkACAARAByAGkAdgBlABIAR1VzZXJzL2pvaG5zb2poL0xpYnJhcnkvRmlsZVN5bmMvMDAxYjYzOTU0ZjYxL2pvaG5qanJfaURpc2suc3BhcnNlYnVuZGxlAAATAAEvAAAVAAIAD///AAAAFgAHam9obmpqcgD//wAAgAXSHB0eH1gkY2xhc3Nlc1okY2xhc3NuYW1lox8gIV1OU011dGFibGVEYXRhVk5TRGF0YVhOU09iamVjdF8QPS4uLy4uLy4uLy4uL1ZvbHVtZXMvam9obmpqci9Eb2N1bWVudHMvcGFwZXJzL0QvbmV3Y2VudHJhbC5wZGbSHB0kJaIlIVxOU0RpY3Rpb25hcnkSAAGGoF8QD05TS2V5ZWRBcmNoaXZlcgAIABEAFgAfACgAMgA1ADoAPABFAEsAUgBdAGUAbABvAHEAcwB2AHgAegB8AIYAkwCYAKAEFAQWBBsEJAQvBDMEQQRIBFEEkQSWBJkEpgSrAAAAAAAAAgEAAAAAAAAAKAAAAAAAAAAAAAAAAAAABL0=},
	Date-Added = {2010-11-24 21:29:21 -0500},
	Date-Modified = {2010-11-24 21:35:15 -0500},
	Journal = {Fundamenta Mathematicae},
	Pages = {155--175},
	Title = {A New and Stronger Central Sets Theorem},
	Volume = {199},
	Year = {2008},
	Bdsk-File-2 = {YnBsaXN0MDDUAQIDBAUGCQpYJHZlcnNpb25UJHRvcFkkYXJjaGl2ZXJYJG9iamVjdHMSAAGGoNEHCFRyb290gAFfEA9OU0tleWVkQXJjaGl2ZXKoCwwXGBkdJCVVJG51bGzTDQ4PEBEUViRjbGFzc1dOUy5rZXlzWk5TLm9iamVjdHOAB6ISE4ACgAOiFRaABIAGWWFsaWFzRGF0YVxyZWxhdGl2ZVBhdGjSDRobHFdOUy5kYXRhgAVPEQNQAAAAAANQAAIAAAdqb2huampyAAAAAAAAAAAAAAAAAAAAAAAAAADJDAlDSCsABQAAAIQObmV3Y2VudHJhbC5wZGYAAAAAAAAAAAAAAAAAAAAAAAAAAAAAAAAAAAAAAAAAAAAAAAAAAAAAAAAAAAAAAAAAAAABUcjIujAAAAAAAAAAAP////8AAA0CAAAAAAAAAAAAAAAAAAAAAUQAABAACAAAyQxPkwAAABEACAAAyMjycAAAAAEADAAAAIQAAAB/AAAARgACAClqb2huampyOkRvY3VtZW50czpwYXBlcnM6RDpuZXdjZW50cmFsLnBkZgAADgAeAA4AbgBlAHcAYwBlAG4AdAByAGEAbAAuAHAAZABmAA8AEAAHAGoAbwBoAG4AagBqAHIAEgAiL0RvY3VtZW50cy9wYXBlcnMvRC9uZXdjZW50cmFsLnBkZgATABAvVm9sdW1lcy9qb2huampyABQB2gAAAAAB2gACAAEMTWFjaW50b3NoIEhEAAAAAAAAAAAAAAAAAAAAyHmiskgrAAAADfz3GmpvaG5qanJfaURpc2suc3BhcnNlYnVuZGxlAAAAAAAAAAAAAAAAAAAAAAAAAAAAAAAAAAAAAAAAAAAAAAAAAAAXhS/JDAlDAAAAAAAAAAD/////AAAJIAAAAAAAAAAAAAAAAAAAAAwwMDI1MDBhMjZmNjQAEAAIAADIedryAAAAEQAIAADJDE+TAAAAAQAUAA389wAN/PYACojGAAqIxQAAfGwAAgBQTWFjaW50b3NoIEhEOlVzZXJzOkpvaG46TGlicmFyeTpGaWxlU3luYzowMDI1MDBhMjZmNjQ6am9obmpqcl9pRGlzay5zcGFyc2VidW5kbGUADgA2ABoAagBvAGgAbgBqAGoAcgBfAGkARABpAHMAawAuAHMAcABhAHIAcwBlAGIAdQBuAGQAbABlAA8AGgAMAE0AYQBjAGkAbgB0AG8AcwBoACAASABEABIAQ1VzZXJzL0pvaG4vTGlicmFyeS9GaWxlU3luYy8wMDI1MDBhMjZmNjQvam9obmpqcl9pRGlzay5zcGFyc2VidW5kbGUAABMAAS8AABUAAgAL//8AAAAWAAdqb2huampyAP//AADSHh8gIVgkY2xhc3Nlc1okY2xhc3NuYW1loyEiI11OU011dGFibGVEYXRhVk5TRGF0YVhOU09iamVjdF8QPS4uLy4uLy4uLy4uL1ZvbHVtZXMvam9obmpqci9Eb2N1bWVudHMvcGFwZXJzL0QvbmV3Y2VudHJhbC5wZGbSHh8mJ6InI1xOU0RpY3Rpb25hcnkACAARABoAHwApADIANwA6AD8AQQBTAFwAYgBpAHAAeACDAIUAiACKAIwAjwCRAJMAnQCqAK8AtwC5BA0EEgQbBCYEKgQ4BD8ESASIBI0EkAAAAAAAAAIBAAAAAAAAACgAAAAAAAAAAAAAAAAAAASd}}

@article{Hindman:2010fk,
	Abstract = {\testsl{Central} subsets of a discrete semigroup $S$ have very strong combinatorial properties which are consequences of the \textsl{Central Sets Theorem}. We show here that, not only is the Cartesian product of two central sets central, but in fact the Cartesian product of any two sets satifying the conclusion of the Central Sets Theorem saisfies the conlusion of the Central Sets Theorem. Intimately related to the notion of a central set is something we call a $J$-set. These sets have many of the combinatorial properties of central sets and we show that this notion is also preserved under finite Cartesian products. Finally, we characterize when the Cartesian product of infinitely many sets is central. },
	Author = {Hindman, Neil and Dona Strauss},
	Date-Added = {2010-11-24 20:26:14 -0500},
	Date-Modified = {2010-11-24 20:30:17 -0500},
	Journal = {Topology Proceedings},
	Keywords = {Central Sets Theorem, Cartesian products, semigroups, Stone-\v{C}ech compactification, thick, piecewise syndetic},
	Pages = {203--223},
	Title = {Cartesian Products of Sets Satisfying the Central Sets Theorem},
	Volume = {35},
	Year = {2010},
	Bdsk-File-1 = {YnBsaXN0MDDUAQIDBAUGCQpYJHZlcnNpb25UJHRvcFkkYXJjaGl2ZXJYJG9iamVjdHMSAAGGoNEHCFRyb290gAFfEA9OU0tleWVkQXJjaGl2ZXKoCwwXGBkdJCVVJG51bGzTDQ4PEBEUViRjbGFzc1dOUy5rZXlzWk5TLm9iamVjdHOAB6ISE4ACgAOiFRaABIAGWWFsaWFzRGF0YVxyZWxhdGl2ZVBhdGjSDRobHFdOUy5kYXRhgAVPEQNgAAAAAANgAAIAAAdqb2huampyAAAAAAAAAAAAAAAAAAAAAAAAAADJDAlDSCsABQAAAIwSY2VudHJhbHByb2RsdHgucGRmAAAAAAAAAAAAAAAAAAAAAAAAAAAAAAAAAAAAAAAAAAAAAAAAAAAAAAAAAAAAAAABecjblM8AAAAAAAAAAP////8AAA0CAAAAAAAAAAAAAAAAAAAAAUgAABAACAAAyQxPkwAAABEACAAAyNvNDwAAAAEADAAAAIwAAAB/AAAARgACAC1qb2huampyOkRvY3VtZW50czpwYXBlcnM6SDpjZW50cmFscHJvZGx0eC5wZGYAAA4AJgASAGMAZQBuAHQAcgBhAGwAcAByAG8AZABsAHQAeAAuAHAAZABmAA8AEAAHAGoAbwBoAG4AagBqAHIAEgAmL0RvY3VtZW50cy9wYXBlcnMvSC9jZW50cmFscHJvZGx0eC5wZGYAEwAQL1ZvbHVtZXMvam9obmpqcgAUAdoAAAAAAdoAAgABDE1hY2ludG9zaCBIRAAAAAAAAAAAAAAAAAAAAMh5orJIKwAAAA389xpqb2huampyX2lEaXNrLnNwYXJzZWJ1bmRsZQAAAAAAAAAAAAAAAAAAAAAAAAAAAAAAAAAAAAAAAAAAAAAAAAAAF4UvyQwJQwAAAAAAAAAA/////wAACSAAAAAAAAAAAAAAAAAAAAAMMDAyNTAwYTI2ZjY0ABAACAAAyHna8gAAABEACAAAyQxPkwAAAAEAFAAN/PcADfz2AAqIxgAKiMUAAHxsAAIAUE1hY2ludG9zaCBIRDpVc2VyczpKb2huOkxpYnJhcnk6RmlsZVN5bmM6MDAyNTAwYTI2ZjY0OmpvaG5qanJfaURpc2suc3BhcnNlYnVuZGxlAA4ANgAaAGoAbwBoAG4AagBqAHIAXwBpAEQAaQBzAGsALgBzAHAAYQByAHMAZQBiAHUAbgBkAGwAZQAPABoADABNAGEAYwBpAG4AdABvAHMAaAAgAEgARAASAENVc2Vycy9Kb2huL0xpYnJhcnkvRmlsZVN5bmMvMDAyNTAwYTI2ZjY0L2pvaG5qanJfaURpc2suc3BhcnNlYnVuZGxlAAATAAEvAAAVAAIAC///AAAAFgAHam9obmpqcgD//wAA0h4fICFYJGNsYXNzZXNaJGNsYXNzbmFtZaMhIiNdTlNNdXRhYmxlRGF0YVZOU0RhdGFYTlNPYmplY3RfEEEuLi8uLi8uLi8uLi9Wb2x1bWVzL2pvaG5qanIvRG9jdW1lbnRzL3BhcGVycy9IL2NlbnRyYWxwcm9kbHR4LnBkZtIeHyYnoicjXE5TRGljdGlvbmFyeQAIABEAGgAfACkAMgA3ADoAPwBBAFMAXABiAGkAcAB4AIMAhQCIAIoAjACPAJEAkwCdAKoArwC3ALkEHQQiBCsENgQ6BEgETwRYBJwEoQSkAAAAAAAAAgEAAAAAAAAAKAAAAAAAAAAAAAAAAAAABLE=}}

@article{Mulvey:1997vn,
	Author = {Mulvey, Irene},
	Date-Added = {2010-11-21 23:50:13 -0500},
	Date-Modified = {2010-11-21 23:51:21 -0500},
	Journal = {Mathematics Magazine},
	Number = {5},
	Pages = {358--361},
	Title = {Recurent Ideas in Number Theory: The Multiple Birkhoff Recurrence Theorem Used to Prove van der Waerden's Theorem},
	Volume = {70},
	Year = {1997},
	Bdsk-File-1 = {YnBsaXN0MDDUAQIDBAUGCQpYJHZlcnNpb25UJHRvcFkkYXJjaGl2ZXJYJG9iamVjdHMSAAGGoNEHCFRyb290gAFfEA9OU0tleWVkQXJjaGl2ZXKoCwwXGBkdJCVVJG51bGzTDQ4PEBEUViRjbGFzc1dOUy5rZXlzWk5TLm9iamVjdHOAB6ISE4ACgAOiFRaABIAGWWFsaWFzRGF0YVxyZWxhdGl2ZVBhdGjSDRobHFdOUy5kYXRhgAVPEQNEAAAAAANEAAIAAAdqb2huampyAAAAAAAAAAAAAAAAAAAAAAAAAADJDAlDSCsABQAAAJYLMjY5MTE3Mi5wZGYAAAAAAAAAAAAAAAAAAAAAAAAAAAAAAAAAAAAAAAAAAAAAAAAAAAAAAAAAAAAAAAAAAAAAAAABtskLPKgAAAAAAAAAAP////8AAA0CAAAAAAAAAAAAAAAAAAAAAU0AABAACAAAyQxPkwAAABEACAAAyQuC+AAAAAEADAAAAJYAAAB/AAAARgACACZqb2huampyOkRvY3VtZW50czpwYXBlcnM6TToyNjkxMTcyLnBkZgAOABgACwAyADYAOQAxADEANwAyAC4AcABkAGYADwAQAAcAagBvAGgAbgBqAGoAcgASAB8vRG9jdW1lbnRzL3BhcGVycy9NLzI2OTExNzIucGRmAAATABAvVm9sdW1lcy9qb2huampyABQB2gAAAAAB2gACAAEMTWFjaW50b3NoIEhEAAAAAAAAAAAAAAAAAAAAyHmiskgrAAAADfz3GmpvaG5qanJfaURpc2suc3BhcnNlYnVuZGxlAAAAAAAAAAAAAAAAAAAAAAAAAAAAAAAAAAAAAAAAAAAAAAAAAAAXhS/JDAlDAAAAAAAAAAD/////AAAJIAAAAAAAAAAAAAAAAAAAAAwwMDI1MDBhMjZmNjQAEAAIAADIedryAAAAEQAIAADJDE+TAAAAAQAUAA389wAN/PYACojGAAqIxQAAfGwAAgBQTWFjaW50b3NoIEhEOlVzZXJzOkpvaG46TGlicmFyeTpGaWxlU3luYzowMDI1MDBhMjZmNjQ6am9obmpqcl9pRGlzay5zcGFyc2VidW5kbGUADgA2ABoAagBvAGgAbgBqAGoAcgBfAGkARABpAHMAawAuAHMAcABhAHIAcwBlAGIAdQBuAGQAbABlAA8AGgAMAE0AYQBjAGkAbgB0AG8AcwBoACAASABEABIAQ1VzZXJzL0pvaG4vTGlicmFyeS9GaWxlU3luYy8wMDI1MDBhMjZmNjQvam9obmpqcl9pRGlzay5zcGFyc2VidW5kbGUAABMAAS8AABUAAgAL//8AAAAWAAdqb2huampyAP//AADSHh8gIVgkY2xhc3Nlc1okY2xhc3NuYW1loyEiI11OU011dGFibGVEYXRhVk5TRGF0YVhOU09iamVjdF8QOi4uLy4uLy4uLy4uL1ZvbHVtZXMvam9obmpqci9Eb2N1bWVudHMvcGFwZXJzL00vMjY5MTE3Mi5wZGbSHh8mJ6InI1xOU0RpY3Rpb25hcnkACAARABoAHwApADIANwA6AD8AQQBTAFwAYgBpAHAAeACDAIUAiACKAIwAjwCRAJMAnQCqAK8AtwC5BAEEBgQPBBoEHgQsBDMEPAR5BH4EgQAAAAAAAAIBAAAAAAAAACgAAAAAAAAAAAAAAAAAAASO}}

@article{Furstenberg:1978kx,
	Author = {Furstenberg, H. and B. Weiss},
	Date-Added = {2010-11-21 23:44:55 -0500},
	Date-Modified = {2010-11-21 23:46:09 -0500},
	Journal = {Journal d'Analyse Math\'{e}matique},
	Pages = {61--85},
	Title = {Topological dynamics and combinatorial number theory},
	Volume = {34},
	Year = {1978}}

@article{Ramsey:1930uq,
	Author = {Ramsey, F.P.},
	Date-Added = {2010-11-21 22:39:05 -0500},
	Date-Modified = {2010-11-21 22:40:20 -0500},
	Journal = {Proceedings of the London Mathematical Society},
	Pages = {264--286},
	Title = {On a Problem of Formal Logic},
	Volume = {30},
	Year = {1930},
	Bdsk-File-1 = {YnBsaXN0MDDUAQIDBAUGCQpYJHZlcnNpb25UJHRvcFkkYXJjaGl2ZXJYJG9iamVjdHMSAAGGoNEHCFRyb290gAFfEA9OU0tleWVkQXJjaGl2ZXKoCwwXGBkdJCVVJG51bGzTDQ4PEBEUViRjbGFzc1dOUy5rZXlzWk5TLm9iamVjdHOAB6ISE4ACgAOiFRaABIAGWWFsaWFzRGF0YVxyZWxhdGl2ZVBhdGjSDRobHFdOUy5kYXRhgAVPEQPAAAAAAAPAAAIAAAdqb2huampyAAAAAAAAAAAAAAAAAAAAAAAAAADJDAlDSCsABQAAAJofUHJvYy4gTG9uZG9uIE1hdGguIFNvYy4jMjFFLnBkZgAAAAAAAAAAAAAAAAAAAAAAAAAAAAAAAAAAAAAAAAAAAAACHskPYGgAAAAAAAAAAP////8AAA0CAAAAAAAAAAAAAAAAAAAAAVIAABAACAAAyQxPkwAAABEACAAAyQ+muAAAAAEADAAAAJoAAAB/AAAARgACADpqb2huampyOkRvY3VtZW50czpwYXBlcnM6UjpQcm9jLiBMb25kb24gTWF0aC4gU29jLiMyMUUucGRmAA4AXgAuAFAAcgBvAGMALgAgAEwAbwBuAGQAbwBuACAATQBhAHQAaAAuACAAUwBvAGMALgAtADEAOQAzADAALQBSAGEAbQBzAGUAeQAtADIANgA0AC0AOAA2AC4AcABkAGYADwAQAAcAagBvAGgAbgBqAGoAcgASAEIvRG9jdW1lbnRzL3BhcGVycy9SL1Byb2MuIExvbmRvbiBNYXRoLiBTb2MuLTE5MzAtUmFtc2V5LTI2NC04Ni5wZGYAEwAQL1ZvbHVtZXMvam9obmpqcgAUAdoAAAAAAdoAAgABDE1hY2ludG9zaCBIRAAAAAAAAAAAAAAAAAAAAMh5orJIKwAAAA389xpqb2huampyX2lEaXNrLnNwYXJzZWJ1bmRsZQAAAAAAAAAAAAAAAAAAAAAAAAAAAAAAAAAAAAAAAAAAAAAAAAAAF4UvyQwJQwAAAAAAAAAA/////wAACSAAAAAAAAAAAAAAAAAAAAAMMDAyNTAwYTI2ZjY0ABAACAAAyHna8gAAABEACAAAyQxPkwAAAAEAFAAN/PcADfz2AAqIxgAKiMUAAHxsAAIAUE1hY2ludG9zaCBIRDpVc2VyczpKb2huOkxpYnJhcnk6RmlsZVN5bmM6MDAyNTAwYTI2ZjY0OmpvaG5qanJfaURpc2suc3BhcnNlYnVuZGxlAA4ANgAaAGoAbwBoAG4AagBqAHIAXwBpAEQAaQBzAGsALgBzAHAAYQByAHMAZQBiAHUAbgBkAGwAZQAPABoADABNAGEAYwBpAG4AdABvAHMAaAAgAEgARAASAENVc2Vycy9Kb2huL0xpYnJhcnkvRmlsZVN5bmMvMDAyNTAwYTI2ZjY0L2pvaG5qanJfaURpc2suc3BhcnNlYnVuZGxlAAATAAEvAAAVAAIAC///AAAAFgAHam9obmpqcgD//wAA0h4fICFYJGNsYXNzZXNaJGNsYXNzbmFtZaMhIiNdTlNNdXRhYmxlRGF0YVZOU0RhdGFYTlNPYmplY3RfEF0uLi8uLi8uLi8uLi9Wb2x1bWVzL2pvaG5qanIvRG9jdW1lbnRzL3BhcGVycy9SL1Byb2MuIExvbmRvbiBNYXRoLiBTb2MuLTE5MzAtUmFtc2V5LTI2NC04Ni5wZGbSHh8mJ6InI1xOU0RpY3Rpb25hcnkACAARABoAHwApADIANwA6AD8AQQBTAFwAYgBpAHAAeACDAIUAiACKAIwAjwCRAJMAnQCqAK8AtwC5BH0EggSLBJYEmgSoBK8EuAUYBR0FIAAAAAAAAAIBAAAAAAAAACgAAAAAAAAAAAAAAAAAAAUt}}

@article{Van-der-Waerden:1927fk,
	Author = {Van der Waerden, Bartel Leendert},
	Date-Added = {2010-11-21 22:31:30 -0500},
	Date-Modified = {2010-11-21 22:33:05 -0500},
	Journal = {Nieuw Archief voor Wiskunde},
	Pages = {212--216},
	Title = {Beweis einer Baudetschen Vermutung},
	Volume = {15},
	Year = {1927}}

@article{Graham:1974uq,
	Author = {Graham, R.L. and B.L. Rothschild},
	Date-Added = {2010-11-18 22:35:14 -0500},
	Date-Modified = {2010-11-18 22:36:20 -0500},
	Journal = {Proceedings of the American Mathematical Society},
	Month = {Feburary},
	Number = {2},
	Pages = {385--386},
	Title = {A Short Proof of van der Waerden's Theorem on Arithmetic Progressions},
	Volume = {42},
	Year = {1974}}

@book{Khinchin:1998fk,
	Author = {Khinchin, A.I.},
	Date-Added = {2010-11-18 22:27:36 -0500},
	Date-Modified = {2010-11-18 22:28:38 -0500},
	Publisher = {Dover Publications},
	Title = {Three Pearls of Number Theory},
	Year = {1998}}

@book{Furstenberg:1981fk,
	Author = {Furstenberg, H.},
	Date-Added = {2010-11-15 20:42:23 -0500},
	Date-Modified = {2011-01-24 18:06:09 -0500},
	Publisher = {Princeton University Press},
	Title = {{Recurrence in Ergodic Theory and Combinatorial Number Theory}},
	Year = {1981}}

@article{Furstenberg:1989kx,
	Author = {Furstenberg, H. and Y. Katznelson},
	Date-Added = {2010-11-09 15:53:44 -0500},
	Date-Modified = {2010-11-09 15:55:08 -0500},
	Journal = {Isreal Journal of Mathematics},
	Number = {3},
	Pages = {257--270},
	Read = {1},
	Title = {Idempotents in Compact Semigroups and Ramsey Theory},
	Volume = {68},
	Year = {1989},
	Bdsk-File-1 = {YnBsaXN0MDDUAQIDBAUGCQpYJHZlcnNpb25UJHRvcFkkYXJjaGl2ZXJYJG9iamVjdHMSAAGGoNEHCFRyb290gAFfEA9OU0tleWVkQXJjaGl2ZXKoCwwXGBkdJCVVJG51bGzTDQ4PEBEUViRjbGFzc1dOUy5rZXlzWk5TLm9iamVjdHOAB6ISE4ACgAOiFRaABIAGWWFsaWFzRGF0YVxyZWxhdGl2ZVBhdGjSDRobHFdOUy5kYXRhgAVPEQNIAAAAAANIAAIAAAdqb2huampyAAAAAAAAAAAAAAAAAAAAAAAAAADJDAlDSCsABQAAAIgMaWRlcm10aGUucGRmAAAAAAAAAAAAAAAAAAAAAAAAAAAAAAAAAAAAAAAAAAAAAAAAAAAAAAAAAAAAAAAAAAAAAAABXcj/HrQAAAAAAAAAAP////8AAA0CAAAAAAAAAAAAAAAAAAAAAUYAABAACAAAyQxPkwAAABEACAAAyP9lBAAAAAEADAAAAIgAAAB/AAAARgACACdqb2huampyOkRvY3VtZW50czpwYXBlcnM6RjppZGVybXRoZS5wZGYAAA4AGgAMAGkAZABlAHIAbQB0AGgAZQAuAHAAZABmAA8AEAAHAGoAbwBoAG4AagBqAHIAEgAgL0RvY3VtZW50cy9wYXBlcnMvRi9pZGVybXRoZS5wZGYAEwAQL1ZvbHVtZXMvam9obmpqcgAUAdoAAAAAAdoAAgABDE1hY2ludG9zaCBIRAAAAAAAAAAAAAAAAAAAAMh5orJIKwAAAA389xpqb2huampyX2lEaXNrLnNwYXJzZWJ1bmRsZQAAAAAAAAAAAAAAAAAAAAAAAAAAAAAAAAAAAAAAAAAAAAAAAAAAF4UvyQwJQwAAAAAAAAAA/////wAACSAAAAAAAAAAAAAAAAAAAAAMMDAyNTAwYTI2ZjY0ABAACAAAyHna8gAAABEACAAAyQxPkwAAAAEAFAAN/PcADfz2AAqIxgAKiMUAAHxsAAIAUE1hY2ludG9zaCBIRDpVc2VyczpKb2huOkxpYnJhcnk6RmlsZVN5bmM6MDAyNTAwYTI2ZjY0OmpvaG5qanJfaURpc2suc3BhcnNlYnVuZGxlAA4ANgAaAGoAbwBoAG4AagBqAHIAXwBpAEQAaQBzAGsALgBzAHAAYQByAHMAZQBiAHUAbgBkAGwAZQAPABoADABNAGEAYwBpAG4AdABvAHMAaAAgAEgARAASAENVc2Vycy9Kb2huL0xpYnJhcnkvRmlsZVN5bmMvMDAyNTAwYTI2ZjY0L2pvaG5qanJfaURpc2suc3BhcnNlYnVuZGxlAAATAAEvAAAVAAIAC///AAAAFgAHam9obmpqcgD//wAA0h4fICFYJGNsYXNzZXNaJGNsYXNzbmFtZaMhIiNdTlNNdXRhYmxlRGF0YVZOU0RhdGFYTlNPYmplY3RfEDsuLi8uLi8uLi8uLi9Wb2x1bWVzL2pvaG5qanIvRG9jdW1lbnRzL3BhcGVycy9GL2lkZXJtdGhlLnBkZtIeHyYnoicjXE5TRGljdGlvbmFyeQAIABEAGgAfACkAMgA3ADoAPwBBAFMAXABiAGkAcAB4AIMAhQCIAIoAjACPAJEAkwCdAKoArwC3ALkEBQQKBBMEHgQiBDAENwRABH4EgwSGAAAAAAAAAgEAAAAAAAAAKAAAAAAAAAAAAAAAAAAABJM=}}

@article{Burns:2007uq,
	Abstract = {\textsl{Central} sets were originally defined for subsets of $\mathbb{N}$ by Fursternberg using notions from topological dynamics, and he proved the powerful \textsl{Central Sets Theorem} for such sets. Subsequently, central sets in any semigroup $S$ were characterized as members of idempotents in the smallest ideal of $\beta S$, the Stone-\v{C}ech compactification of $S$. },
	Author = {Burns, Shea D. and Neil Hindman},
	Date-Added = {2010-11-09 15:25:11 -0500},
	Date-Modified = {2010-11-09 15:35:55 -0500},
	Journal = {Topology Proceedings},
	Keywords = {Quasi-central, recurrence},
	Number = {2},
	Pages = {445--455},
	Rating = {4},
	Title = {Quasi-Central Sets and their Dynamical Characterization},
	Volume = {31},
	Year = {2007},
	Bdsk-File-1 = {YnBsaXN0MDDUAQIDBAUGCQpYJHZlcnNpb25UJHRvcFkkYXJjaGl2ZXJYJG9iamVjdHMSAAGGoNEHCFRyb290gAFfEA9OU0tleWVkQXJjaGl2ZXKoCwwXGBkdJCVVJG51bGzTDQ4PEBEUViRjbGFzc1dOUy5rZXlzWk5TLm9iamVjdHOAB6ISE4ACgAOiFRaABIAGWWFsaWFzRGF0YVxyZWxhdGl2ZVBhdGjSDRobHFdOUy5kYXRhgAVPEQM8AAAAAAM8AAIAAAdqb2huampyAAAAAAAAAAAAAAAAAAAAAAAAAADJDAlDSCsABQAAAIAJcXVhc2kucGRmAAAAAAAAAAAAAAAAAAAAAAAAAAAAAAAAAAAAAAAAAAAAAAAAAAAAAAAAAAAAAAAAAAAAAAAAAAABMMjblmMAAAAAAAAAAP////8AAA0CAAAAAAAAAAAAAAAAAAAAAUIAABAACAAAyQxPkwAAABEACAAAyNvOowAAAAEADAAAAIAAAAB/AAAARgACACRqb2huampyOkRvY3VtZW50czpwYXBlcnM6QjpxdWFzaS5wZGYADgAUAAkAcQB1AGEAcwBpAC4AcABkAGYADwAQAAcAagBvAGgAbgBqAGoAcgASAB0vRG9jdW1lbnRzL3BhcGVycy9CL3F1YXNpLnBkZgAAEwAQL1ZvbHVtZXMvam9obmpqcgAUAdoAAAAAAdoAAgABDE1hY2ludG9zaCBIRAAAAAAAAAAAAAAAAAAAAMh5orJIKwAAAA389xpqb2huampyX2lEaXNrLnNwYXJzZWJ1bmRsZQAAAAAAAAAAAAAAAAAAAAAAAAAAAAAAAAAAAAAAAAAAAAAAAAAAF4UvyQwJQwAAAAAAAAAA/////wAACSAAAAAAAAAAAAAAAAAAAAAMMDAyNTAwYTI2ZjY0ABAACAAAyHna8gAAABEACAAAyQxPkwAAAAEAFAAN/PcADfz2AAqIxgAKiMUAAHxsAAIAUE1hY2ludG9zaCBIRDpVc2VyczpKb2huOkxpYnJhcnk6RmlsZVN5bmM6MDAyNTAwYTI2ZjY0OmpvaG5qanJfaURpc2suc3BhcnNlYnVuZGxlAA4ANgAaAGoAbwBoAG4AagBqAHIAXwBpAEQAaQBzAGsALgBzAHAAYQByAHMAZQBiAHUAbgBkAGwAZQAPABoADABNAGEAYwBpAG4AdABvAHMAaAAgAEgARAASAENVc2Vycy9Kb2huL0xpYnJhcnkvRmlsZVN5bmMvMDAyNTAwYTI2ZjY0L2pvaG5qanJfaURpc2suc3BhcnNlYnVuZGxlAAATAAEvAAAVAAIAC///AAAAFgAHam9obmpqcgD//wAA0h4fICFYJGNsYXNzZXNaJGNsYXNzbmFtZaMhIiNdTlNNdXRhYmxlRGF0YVZOU0RhdGFYTlNPYmplY3RfEDguLi8uLi8uLi8uLi9Wb2x1bWVzL2pvaG5qanIvRG9jdW1lbnRzL3BhcGVycy9CL3F1YXNpLnBkZtIeHyYnoicjXE5TRGljdGlvbmFyeQAIABEAGgAfACkAMgA3ADoAPwBBAFMAXABiAGkAcAB4AIMAhQCIAIoAjACPAJEAkwCdAKoArwC3ALkD+QP+BAcEEgQWBCQEKwQ0BG8EdAR3AAAAAAAAAgEAAAAAAAAAKAAAAAAAAAAAAAAAAAAABIQ=}}

@book{Hindman:1998fk,
	Author = {Hindman, Neil and Dona Strauss},
	Date-Added = {2010-11-09 11:47:58 -0500},
	Date-Modified = {2011-02-14 20:02:12 -0500},
	Keywords = {Compactifications, semigroup, Stone-\v{C}ech compactification, Ramsey theory, combinatorics, right topological semigroup, idempotent, ideal minimal ideal, smallest ideal, minimal idempotent},
	Number = {27},
	Publisher = {Walter de Gruyter},
	Rating = {4},
	Read = {0},
	Series = {De Gruyter expositions in mathematics},
	Title = {{Algebra in the Stone-\v{C}ech Compactification}},
	Year = {1998}}
