%% This BibTeX bibliography file was created using BibDesk.
%% http://bibdesk.sourceforge.net/


%% Created for John Johnson at 2011-08-01 14:04:01 -0400 


%% Saved with string encoding Unicode (UTF-8) 



@book{Graham:1990fk,
	Author = {Ronald Graham and Bruce Rothschild and Joel H. Spencer},
	Date-Added = {2011-08-01 14:01:14 -0400},
	Date-Modified = {2011-08-01 14:03:56 -0400},
	Edition = {2nd},
	Publisher = {Wiley-Interscience},
	Series = {Wiley-Interscience Series in Discrete Mathematics and Optimization},
	Title = {{Ramsey Theory}},
	Year = {1990}}

@article{Bergelson:1990kx,
	Author = {Vitaly Bergelson and Neil Hindman},
	Date-Added = {2011-06-19 03:36:51 -0400},
	Date-Modified = {2011-06-19 03:38:11 -0400},
	Journal = {Transactions of the American Mathematical Society},
	Number = {1},
	Pages = {293--320},
	Title = {{Nonmetrizable Topological Dynamics and Ramsey Theory}},
	Volume = {320},
	Year = {1990}}

@article{Hindman:2007fk,
	Author = {Neil Hindman},
	Date-Added = {2011-06-19 03:20:25 -0400},
	Date-Modified = {2011-06-19 03:22:08 -0400},
	Journal = {Integers},
	Title = {{Small Sets Satisfying the Central Sets Theorem}},
	Volume = {9},
	Year = {2007},
	Bdsk-File-1 = {YnBsaXN0MDDUAQIDBAUIJidUJHRvcFgkb2JqZWN0c1gkdmVyc2lvblkkYXJjaGl2ZXLRBgdUcm9vdIABqAkKFRYXGyIjVSRudWxs0wsMDQ4RFFpOUy5vYmplY3RzV05TLmtleXNWJGNsYXNzog8QgASABqISE4ACgAOAB1lhbGlhc0RhdGFccmVsYXRpdmVQYXRo0hgNGRpXTlMuZGF0YU8RA3gAAAAAA3gAAgAAB2pvaG5qanIAAAAAAAAAAAAAAAAAAAAAAAAAAMkArhxIKwAFAAAAjxBzbWFsbGNlbnRyYWwucGRmAAAAAAAAAAAAAAAAAAAAAAAAAAAAAAAAAAAAAAAAAAAAAAAAAAAAAAAAAAAAAAAAAAGIyNuVXAAAAAAAAAAA/////wAADQIAAAAAAAAAAAAAAAAAAAABSAAAEAAIAADJAPRsAAAAEQAIAADI282cAAAAAQAMAAAAjwAAAIMAAABfAAIAK2pvaG5qanI6RG9jdW1lbnRzOnBhcGVyczpIOnNtYWxsY2VudHJhbC5wZGYAAA4AIgAQAHMAbQBhAGwAbABjAGUAbgB0AHIAYQBsAC4AcABkAGYADwAQAAcAagBvAGgAbgBqAGoAcgASACQvRG9jdW1lbnRzL3BhcGVycy9IL3NtYWxsY2VudHJhbC5wZGYAEwAQL1ZvbHVtZXMvam9obmpqcgAUAfoAAAAAAfoAAgABFE1hY2ludG9zaCBIYXJkIERyaXZlAAAAAAAAAMkAl/1IKwAAAAovoxpqb2huampyX2lEaXNrLnNwYXJzZWJ1bmRsZQAAAAAAAAAAAAAAAAAAAAAAAAAAAAAAAAAAAAAAAAAAAAAAAAAACkDDyQCuHAAAAAAAAAAA/////wAACSAAAAAAAAAAAAAAAAAAAAAMMDAxYjYzOTU0ZjYxABAACAAAyQDeTQAAABEACAAAyQD0bAAAAAEAFAAKL6MACi+iAAWrlAAFq5MAAJGfAAIAXE1hY2ludG9zaCBIYXJkIERyaXZlOlVzZXJzOmpvaG5zb2poOkxpYnJhcnk6RmlsZVN5bmM6MDAxYjYzOTU0ZjYxOmpvaG5qanJfaURpc2suc3BhcnNlYnVuZGxlAA4ANgAaAGoAbwBoAG4AagBqAHIAXwBpAEQAaQBzAGsALgBzAHAAYQByAHMAZQBiAHUAbgBkAGwAZQAPACoAFABNAGEAYwBpAG4AdABvAHMAaAAgAEgAYQByAGQAIABEAHIAaQB2AGUAEgBHVXNlcnMvam9obnNvamgvTGlicmFyeS9GaWxlU3luYy8wMDFiNjM5NTRmNjEvam9obmpqcl9pRGlzay5zcGFyc2VidW5kbGUAABMAAS8AABUAAgAP//8AAAAWAAdqb2huampyAP//AACABdIcHR4fWCRjbGFzc2VzWiRjbGFzc25hbWWjHyAhXU5TTXV0YWJsZURhdGFWTlNEYXRhWE5TT2JqZWN0XxBCLi4vLi4vLi4vLi4vLi4vVm9sdW1lcy9qb2huampyL0RvY3VtZW50cy9wYXBlcnMvSC9zbWFsbGNlbnRyYWwucGRm0hwdJCWiJSFcTlNEaWN0aW9uYXJ5EgABhqBfEA9OU0tleWVkQXJjaGl2ZXIACAARABYAHwAoADIANQA6ADwARQBLAFIAXQBlAGwAbwBxAHMAdgB4AHoAfACGAJMAmACgBBwEHgQjBCwENwQ7BEkEUARZBJ4EowSmBLMEuAAAAAAAAAIBAAAAAAAAACgAAAAAAAAAAAAAAAAAAATK}}

@article{Brown:1971bh,
	Author = {T. C. Brown},
	Date-Added = {2011-05-17 00:04:35 -0400},
	Date-Modified = {2011-05-17 00:05:39 -0400},
	Journal = {Pacific Journal of Mathematics},
	Number = {2},
	Pages = {285--289},
	Title = {{An interesting Combinatorial Method in the Theory of Locally Finite Semigroups}},
	Volume = {36},
	Year = {1971},
	Bdsk-File-1 = {YnBsaXN0MDDUAQIDBAUIJidUJHRvcFgkb2JqZWN0c1gkdmVyc2lvblkkYXJjaGl2ZXLRBgdUcm9vdIABqAkKFRYXGyIjVSRudWxs0wsMDQ4RFFpOUy5vYmplY3RzV05TLmtleXNWJGNsYXNzog8QgASABqISE4ACgAOAB1lhbGlhc0RhdGFccmVsYXRpdmVQYXRo0hgNGRpXTlMuZGF0YU8RA5wAAAAAA5wAAgAAB2pvaG5qanIAAAAAAAAAAAAAAAAAAAAAAAAAAMkArhxIKwAFAAAAhBlldWNsaWQucGptLjExMDI5NzEwNjYucGRmAAAAAAAAAAAAAAAAAAAAAAAAAAAAAAAAAAAAAAAAAAAAAAAAAAAAABa/yW71zQAAAAAAAAAA/////wAADQIAAAAAAAAAAAAAAAAAAAABQgAAEAAIAADJAPRsAAAAEQAIAADJbzwdAAAAAQAMAAAAhAAAAIMAAABfAAIANGpvaG5qanI6RG9jdW1lbnRzOnBhcGVyczpCOmV1Y2xpZC5wam0uMTEwMjk3MTA2Ni5wZGYADgA0ABkAZQB1AGMAbABpAGQALgBwAGoAbQAuADEAMQAwADIAOQA3ADEAMAA2ADYALgBwAGQAZgAPABAABwBqAG8AaABuAGoAagByABIALS9Eb2N1bWVudHMvcGFwZXJzL0IvZXVjbGlkLnBqbS4xMTAyOTcxMDY2LnBkZgAAEwAQL1ZvbHVtZXMvam9obmpqcgAUAfoAAAAAAfoAAgABFE1hY2ludG9zaCBIYXJkIERyaXZlAAAAAAAAAMkAl/1IKwAAAAovoxpqb2huampyX2lEaXNrLnNwYXJzZWJ1bmRsZQAAAAAAAAAAAAAAAAAAAAAAAAAAAAAAAAAAAAAAAAAAAAAAAAAACkDDyQCuHAAAAAAAAAAA/////wAACSAAAAAAAAAAAAAAAAAAAAAMMDAxYjYzOTU0ZjYxABAACAAAyQDeTQAAABEACAAAyQD0bAAAAAEAFAAKL6MACi+iAAWrlAAFq5MAAJGfAAIAXE1hY2ludG9zaCBIYXJkIERyaXZlOlVzZXJzOmpvaG5zb2poOkxpYnJhcnk6RmlsZVN5bmM6MDAxYjYzOTU0ZjYxOmpvaG5qanJfaURpc2suc3BhcnNlYnVuZGxlAA4ANgAaAGoAbwBoAG4AagBqAHIAXwBpAEQAaQBzAGsALgBzAHAAYQByAHMAZQBiAHUAbgBkAGwAZQAPACoAFABNAGEAYwBpAG4AdABvAHMAaAAgAEgAYQByAGQAIABEAHIAaQB2AGUAEgBHVXNlcnMvam9obnNvamgvTGlicmFyeS9GaWxlU3luYy8wMDFiNjM5NTRmNjEvam9obmpqcl9pRGlzay5zcGFyc2VidW5kbGUAABMAAS8AABUAAgAP//8AAAAWAAdqb2huampyAP//AACABdIcHR4fWCRjbGFzc2VzWiRjbGFzc25hbWWjHyAhXU5TTXV0YWJsZURhdGFWTlNEYXRhWE5TT2JqZWN0XxBLLi4vLi4vLi4vLi4vLi4vVm9sdW1lcy9qb2huampyL0RvY3VtZW50cy9wYXBlcnMvQi9ldWNsaWQucGptLjExMDI5NzEwNjYucGRm0hwdJCWiJSFcTlNEaWN0aW9uYXJ5EgABhqBfEA9OU0tleWVkQXJjaGl2ZXIACAARABYAHwAoADIANQA6ADwARQBLAFIAXQBlAGwAbwBxAHMAdgB4AHoAfACGAJMAmACgBEAEQgRHBFAEWwRfBG0EdAR9BMsE0ATTBOAE5QAAAAAAAAIBAAAAAAAAACgAAAAAAAAAAAAAAAAAAAT3}}

@book{Landman:2004qf,
	Author = {Bruce M. Landman and Aaron Robertson},
	Date-Added = {2011-05-17 00:01:39 -0400},
	Date-Modified = {2011-05-17 00:03:27 -0400},
	Publisher = {American Mathematical Society},
	Title = {{Ramsey Theory on the Integers}},
	Year = {2004},
	Bdsk-File-1 = {YnBsaXN0MDDUAQIDBAUIJidUJHRvcFgkb2JqZWN0c1gkdmVyc2lvblkkYXJjaGl2ZXLRBgdUcm9vdIABqAkKFRYXGyIjVSRudWxs0wsMDQ4RFFpOUy5vYmplY3RzV05TLmtleXNWJGNsYXNzog8QgASABqISE4ACgAOAB1lhbGlhc0RhdGFccmVsYXRpdmVQYXRo0hgNGRpXTlMuZGF0YU8RA24AAAAAA24AAgAAB2pvaG5qanIAAAAAAAAAAAAAAAAAAAAAAAAAAMkArhxIKwAFAAAMCA4wODIxODMxOTkyLnBkZgAAAAAAAAAAAAAAAAAAAAAAAAAAAAAAAAAAAAAAAAAAAAAAAAAAAAAAAAAAAAAAAAAAAAwJyULKlAAAAAAAAAAA/////wAADQIAAAAAAAAAAAAAAAAAAAABTAAAEAAIAADJAPRsAAAAEQAIAADJQxDkAAAAAQAMAAAMCAAAC/8AAABfAAIAKGpvaG5qanI6RG9jdW1lbnRzOmJvb2tzOkw6MDgyMTgzMTk5Mi5wZGYADgAeAA4AMAA4ADIAMQA4ADMAMQA5ADkAMgAuAHAAZABmAA8AEAAHAGoAbwBoAG4AagBqAHIAEgAhL0RvY3VtZW50cy9ib29rcy9MLzA4MjE4MzE5OTIucGRmAAATABAvVm9sdW1lcy9qb2huampyABQB+gAAAAAB+gACAAEUTWFjaW50b3NoIEhhcmQgRHJpdmUAAAAAAAAAyQCX/UgrAAAACi+jGmpvaG5qanJfaURpc2suc3BhcnNlYnVuZGxlAAAAAAAAAAAAAAAAAAAAAAAAAAAAAAAAAAAAAAAAAAAAAAAAAAAKQMPJAK4cAAAAAAAAAAD/////AAAJIAAAAAAAAAAAAAAAAAAAAAwwMDFiNjM5NTRmNjEAEAAIAADJAN5NAAAAEQAIAADJAPRsAAAAAQAUAAovowAKL6IABauUAAWrkwAAkZ8AAgBcTWFjaW50b3NoIEhhcmQgRHJpdmU6VXNlcnM6am9obnNvamg6TGlicmFyeTpGaWxlU3luYzowMDFiNjM5NTRmNjE6am9obmpqcl9pRGlzay5zcGFyc2VidW5kbGUADgA2ABoAagBvAGgAbgBqAGoAcgBfAGkARABpAHMAawAuAHMAcABhAHIAcwBlAGIAdQBuAGQAbABlAA8AKgAUAE0AYQBjAGkAbgB0AG8AcwBoACAASABhAHIAZAAgAEQAcgBpAHYAZQASAEdVc2Vycy9qb2huc29qaC9MaWJyYXJ5L0ZpbGVTeW5jLzAwMWI2Mzk1NGY2MS9qb2huampyX2lEaXNrLnNwYXJzZWJ1bmRsZQAAEwABLwAAFQACAA///wAAABYAB2pvaG5qanIA//8AAIAF0hwdHh9YJGNsYXNzZXNaJGNsYXNzbmFtZaMfICFdTlNNdXRhYmxlRGF0YVZOU0RhdGFYTlNPYmplY3RfED8uLi8uLi8uLi8uLi8uLi9Wb2x1bWVzL2pvaG5qanIvRG9jdW1lbnRzL2Jvb2tzL0wvMDgyMTgzMTk5Mi5wZGbSHB0kJaIlIVxOU0RpY3Rpb25hcnkSAAGGoF8QD05TS2V5ZWRBcmNoaXZlcgAIABEAFgAfACgAMgA1ADoAPABFAEsAUgBdAGUAbABvAHEAcwB2AHgAegB8AIYAkwCYAKAEEgQUBBkEIgQtBDEEPwRGBE8EkQSWBJkEpgSrAAAAAAAAAgEAAAAAAAAAKAAAAAAAAAAAAAAAAAAABL0=}}

@article{Bergelson:2001ve,
	Author = {Vitaly Bergelson and Neil Hindman},
	Date-Added = {2011-05-16 23:48:32 -0400},
	Date-Modified = {2011-05-16 23:51:43 -0400},
	Journal = {Journal of Combinatorial Theory. Series A},
	Number = {1},
	Pages = {18--36},
	Title = {{Partition Regular Structures Contained in Large Sets are Abundant}},
	Volume = {93},
	Year = {2001},
	Bdsk-File-1 = {YnBsaXN0MDDUAQIDBAUIJidUJHRvcFgkb2JqZWN0c1gkdmVyc2lvblkkYXJjaGl2ZXLRBgdUcm9vdIABqAkKFRYXGyIjVSRudWxs0wsMDQ4RFFpOUy5vYmplY3RzV05TLmtleXNWJGNsYXNzog8QgASABqISE4ACgAOAB1lhbGlhc0RhdGFccmVsYXRpdmVQYXRo0hgNGRpXTlMuZGF0YU8RA4gAAAAAA4gAAgAAB2pvaG5qanIAAAAAAAAAAAAAAAAAAAAAAAAAAMkArhxIKwAFAAA33AlsYXJnZS5wZGYAAAAAAAAAAAAAAAAAAAAAAAAAAAAAAAAAAAAAAAAAAAAAAAAAAAAAAAAAAAAAAAAAAAAAAAAAAAEoyNuW+AAAAAAAAAAA/////wAADQIAAAAAAAAAAAAAAAAAAAANcHItbGFyZ2Utc2V0cwAAEAAIAADJAPRsAAAAEQAIAADI2884AAAAAQAQAAA33AAAAIQAAACDAAAAXwACADJqb2huampyOkRvY3VtZW50czpwYXBlcnM6Qjpwci1sYXJnZS1zZXRzOmxhcmdlLnBkZgAOABQACQBsAGEAcgBnAGUALgBwAGQAZgAPABAABwBqAG8AaABuAGoAagByABIAKy9Eb2N1bWVudHMvcGFwZXJzL0IvcHItbGFyZ2Utc2V0cy9sYXJnZS5wZGYAABMAEC9Wb2x1bWVzL2pvaG5qanIAFAH6AAAAAAH6AAIAARRNYWNpbnRvc2ggSGFyZCBEcml2ZQAAAAAAAADJAJf9SCsAAAAKL6Maam9obmpqcl9pRGlzay5zcGFyc2VidW5kbGUAAAAAAAAAAAAAAAAAAAAAAAAAAAAAAAAAAAAAAAAAAAAAAAAAAApAw8kArhwAAAAAAAAAAP////8AAAkgAAAAAAAAAAAAAAAAAAAADDAwMWI2Mzk1NGY2MQAQAAgAAMkA3k0AAAARAAgAAMkA9GwAAAABABQACi+jAAovogAFq5QABauTAACRnwACAFxNYWNpbnRvc2ggSGFyZCBEcml2ZTpVc2Vyczpqb2huc29qaDpMaWJyYXJ5OkZpbGVTeW5jOjAwMWI2Mzk1NGY2MTpqb2huampyX2lEaXNrLnNwYXJzZWJ1bmRsZQAOADYAGgBqAG8AaABuAGoAagByAF8AaQBEAGkAcwBrAC4AcwBwAGEAcgBzAGUAYgB1AG4AZABsAGUADwAqABQATQBhAGMAaQBuAHQAbwBzAGgAIABIAGEAcgBkACAARAByAGkAdgBlABIAR1VzZXJzL2pvaG5zb2poL0xpYnJhcnkvRmlsZVN5bmMvMDAxYjYzOTU0ZjYxL2pvaG5qanJfaURpc2suc3BhcnNlYnVuZGxlAAATAAEvAAAVAAIAD///AAAAFgAHam9obmpqcgD//wAAgAXSHB0eH1gkY2xhc3Nlc1okY2xhc3NuYW1lox8gIV1OU011dGFibGVEYXRhVk5TRGF0YVhOU09iamVjdF8QSS4uLy4uLy4uLy4uLy4uL1ZvbHVtZXMvam9obmpqci9Eb2N1bWVudHMvcGFwZXJzL0IvcHItbGFyZ2Utc2V0cy9sYXJnZS5wZGbSHB0kJaIlIVxOU0RpY3Rpb25hcnkSAAGGoF8QD05TS2V5ZWRBcmNoaXZlcgAIABEAFgAfACgAMgA1ADoAPABFAEsAUgBdAGUAbABvAHEAcwB2AHgAegB8AIYAkwCYAKAELAQuBDMEPARHBEsEWQRgBGkEtQS6BL0EygTPAAAAAAAAAgEAAAAAAAAAKAAAAAAAAAAAAAAAAAAABOE=}}

@article{Green:2008ly,
	Author = {Ben Green and Terence Tao},
	Date-Added = {2011-05-12 03:34:10 -0400},
	Date-Modified = {2011-05-12 03:36:10 -0400},
	Journal = {Annals of Mathematics. Second Series},
	Number = {2},
	Pages = {481--547},
	Title = {{The primes contain arbitrarily long arithmetic progressions}},
	Volume = {167},
	Year = {2008},
	Bdsk-File-1 = {YnBsaXN0MDDUAQIDBAUIJidUJHRvcFgkb2JqZWN0c1gkdmVyc2lvblkkYXJjaGl2ZXLRBgdUcm9vdIABqAkKFRYXGyIjVSRudWxs0wsMDQ4RFFpOUy5vYmplY3RzV05TLmtleXNWJGNsYXNzog8QgASABqISE4ACgAOAB1lhbGlhc0RhdGFccmVsYXRpdmVQYXRo0hgNGRpXTlMuZGF0YU8RA4wAAAAAA4wAAgAAB2pvaG5qanIAAAAAAAAAAAAAAAAAAAAAAAAAAMkArhxIKwAFAAA4Ng0wNDA0MTg4djYucGRmAAAAAAAAAAAAAAAAAAAAAAAAAAAAAAAAAAAAAAAAAAAAAAAAAAAAAAAAAAAAAAAAAAAAADGayfD2fwAAAAAAAAAA/////wAADQIAAAAAAAAAAAAAAAAAAAAJcHJpbWVzLUFQAAAQAAgAAMkA9GwAAAARAAgAAMnxLr8AAAABABAAADg2AAAAjQAAAIMAAABfAAIAMmpvaG5qanI6RG9jdW1lbnRzOnBhcGVyczpHOnByaW1lcy1BUDowNDA0MTg4djYucGRmAA4AHAANADAANAAwADQAMQA4ADgAdgA2AC4AcABkAGYADwAQAAcAagBvAGgAbgBqAGoAcgASACsvRG9jdW1lbnRzL3BhcGVycy9HL3ByaW1lcy1BUC8wNDA0MTg4djYucGRmAAATABAvVm9sdW1lcy9qb2huampyABQB+gAAAAAB+gACAAEUTWFjaW50b3NoIEhhcmQgRHJpdmUAAAAAAAAAyQCX/UgrAAAACi+jGmpvaG5qanJfaURpc2suc3BhcnNlYnVuZGxlAAAAAAAAAAAAAAAAAAAAAAAAAAAAAAAAAAAAAAAAAAAAAAAAAAAKQMPJAK4cAAAAAAAAAAD/////AAAJIAAAAAAAAAAAAAAAAAAAAAwwMDFiNjM5NTRmNjEAEAAIAADJAN5NAAAAEQAIAADJAPRsAAAAAQAUAAovowAKL6IABauUAAWrkwAAkZ8AAgBcTWFjaW50b3NoIEhhcmQgRHJpdmU6VXNlcnM6am9obnNvamg6TGlicmFyeTpGaWxlU3luYzowMDFiNjM5NTRmNjE6am9obmpqcl9pRGlzay5zcGFyc2VidW5kbGUADgA2ABoAagBvAGgAbgBqAGoAcgBfAGkARABpAHMAawAuAHMAcABhAHIAcwBlAGIAdQBuAGQAbABlAA8AKgAUAE0AYQBjAGkAbgB0AG8AcwBoACAASABhAHIAZAAgAEQAcgBpAHYAZQASAEdVc2Vycy9qb2huc29qaC9MaWJyYXJ5L0ZpbGVTeW5jLzAwMWI2Mzk1NGY2MS9qb2huampyX2lEaXNrLnNwYXJzZWJ1bmRsZQAAEwABLwAAFQACAA///wAAABYAB2pvaG5qanIA//8AAIAF0hwdHh9YJGNsYXNzZXNaJGNsYXNzbmFtZaMfICFdTlNNdXRhYmxlRGF0YVZOU0RhdGFYTlNPYmplY3RfEEkuLi8uLi8uLi8uLi8uLi9Wb2x1bWVzL2pvaG5qanIvRG9jdW1lbnRzL3BhcGVycy9HL3ByaW1lcy1BUC8wNDA0MTg4djYucGRm0hwdJCWiJSFcTlNEaWN0aW9uYXJ5EgABhqBfEA9OU0tleWVkQXJjaGl2ZXIACAARABYAHwAoADIANQA6ADwARQBLAFIAXQBlAGwAbwBxAHMAdgB4AHoAfACGAJMAmACgBDAEMgQ3BEAESwRPBF0EZARtBLkEvgTBBM4E0wAAAAAAAAIBAAAAAAAAACgAAAAAAAAAAAAAAAAAAATl}}

@article{Gowers:2001zr,
	Author = {William Timothy Gowers},
	Date-Added = {2011-05-12 03:22:58 -0400},
	Date-Modified = {2011-05-12 03:24:47 -0400},
	Journal = {Geometric and Functional Analysis},
	Number = {3},
	Pages = {465--588},
	Title = {{A new proof of Szemer\'{e}di's Theorem}},
	Volume = {11},
	Year = {2001},
	Bdsk-File-1 = {YnBsaXN0MDDUAQIDBAUIJidUJHRvcFgkb2JqZWN0c1gkdmVyc2lvblkkYXJjaGl2ZXLRBgdUcm9vdIABqAkKFRYXGyIjVSRudWxs0wsMDQ4RFFpOUy5vYmplY3RzV05TLmtleXNWJGNsYXNzog8QgASABqISE4ACgAOAB1lhbGlhc0RhdGFccmVsYXRpdmVQYXRo0hgNGRpXTlMuZGF0YU8RA3AAAAAAA3AAAgAAB2pvaG5qanIAAAAAAAAAAAAAAAAAAAAAAAAAAMkArhxIKwAFAAAAjQ5uZXdQcm9vZlN6LnBkZgAAAAAAAAAAAAAAAAAAAAAAAAAAAAAAAAAAAAAAAAAAAAAAAAAAAAAAAAAAAAAAAAAAAAYZyRsRcAAAAAAAAAAA/////wAADQIAAAAAAAAAAAAAAAAAAAABRwAAEAAIAADJAPRsAAAAEQAIAADJG1fAAAAAAQAMAAAAjQAAAIMAAABfAAIAKWpvaG5qanI6RG9jdW1lbnRzOnBhcGVyczpHOm5ld1Byb29mU3oucGRmAAAOAB4ADgBuAGUAdwBQAHIAbwBvAGYAUwB6AC4AcABkAGYADwAQAAcAagBvAGgAbgBqAGoAcgASACIvRG9jdW1lbnRzL3BhcGVycy9HL25ld1Byb29mU3oucGRmABMAEC9Wb2x1bWVzL2pvaG5qanIAFAH6AAAAAAH6AAIAARRNYWNpbnRvc2ggSGFyZCBEcml2ZQAAAAAAAADJAJf9SCsAAAAKL6Maam9obmpqcl9pRGlzay5zcGFyc2VidW5kbGUAAAAAAAAAAAAAAAAAAAAAAAAAAAAAAAAAAAAAAAAAAAAAAAAAAApAw8kArhwAAAAAAAAAAP////8AAAkgAAAAAAAAAAAAAAAAAAAADDAwMWI2Mzk1NGY2MQAQAAgAAMkA3k0AAAARAAgAAMkA9GwAAAABABQACi+jAAovogAFq5QABauTAACRnwACAFxNYWNpbnRvc2ggSGFyZCBEcml2ZTpVc2Vyczpqb2huc29qaDpMaWJyYXJ5OkZpbGVTeW5jOjAwMWI2Mzk1NGY2MTpqb2huampyX2lEaXNrLnNwYXJzZWJ1bmRsZQAOADYAGgBqAG8AaABuAGoAagByAF8AaQBEAGkAcwBrAC4AcwBwAGEAcgBzAGUAYgB1AG4AZABsAGUADwAqABQATQBhAGMAaQBuAHQAbwBzAGgAIABIAGEAcgBkACAARAByAGkAdgBlABIAR1VzZXJzL2pvaG5zb2poL0xpYnJhcnkvRmlsZVN5bmMvMDAxYjYzOTU0ZjYxL2pvaG5qanJfaURpc2suc3BhcnNlYnVuZGxlAAATAAEvAAAVAAIAD///AAAAFgAHam9obmpqcgD//wAAgAXSHB0eH1gkY2xhc3Nlc1okY2xhc3NuYW1lox8gIV1OU011dGFibGVEYXRhVk5TRGF0YVhOU09iamVjdF8QQC4uLy4uLy4uLy4uLy4uL1ZvbHVtZXMvam9obmpqci9Eb2N1bWVudHMvcGFwZXJzL0cvbmV3UHJvb2ZTei5wZGbSHB0kJaIlIVxOU0RpY3Rpb25hcnkSAAGGoF8QD05TS2V5ZWRBcmNoaXZlcgAIABEAFgAfACgAMgA1ADoAPABFAEsAUgBdAGUAbABvAHEAcwB2AHgAegB8AIYAkwCYAKAEFAQWBBsEJAQvBDMEQQRIBFEElASZBJwEqQSuAAAAAAAAAgEAAAAAAAAAKAAAAAAAAAAAAAAAAAAABMA=}}

@article{Szemeredi:1975ys,
	Author = {Endre Szemer\'{e}di},
	Date-Added = {2011-05-12 03:14:51 -0400},
	Date-Modified = {2011-05-12 03:18:02 -0400},
	Journal = {Acta Arithmetica},
	Pages = {199--245},
	Title = {{On sets of integers containing no $k$ elements in arithmetic progression}},
	Volume = {25},
	Year = {1975},
	Bdsk-File-1 = {YnBsaXN0MDDUAQIDBAUIJidUJHRvcFgkb2JqZWN0c1gkdmVyc2lvblkkYXJjaGl2ZXLRBgdUcm9vdIABqAkKFRYXGyIjVSRudWxs0wsMDQ4RFFpOUy5vYmplY3RzV05TLmtleXNWJGNsYXNzog8QgASABqISE4ACgAOAB1lhbGlhc0RhdGFccmVsYXRpdmVQYXRo0hgNGRpXTlMuZGF0YU8RA2QAAAAAA2QAAgAAB2pvaG5qanIAAAAAAAAAAAAAAAAAAAAAAAAAAMkArhxIKwAFAAAAnwthYTI3MTMyLnBkZgAAAAAAAAAAAAAAAAAAAAAAAAAAAAAAAAAAAAAAAAAAAAAAAAAAAAAAAAAAAAAAAAAAAAAAAATbyQhfzAAAAAAAAAAA/////wAADQIAAAAAAAAAAAAAAAAAAAABUwAAEAAIAADJAPRsAAAAEQAIAADJCKYcAAAAAQAMAAAAnwAAAIMAAABfAAIAJmpvaG5qanI6RG9jdW1lbnRzOnBhcGVyczpTOmFhMjcxMzIucGRmAA4AGAALAGEAYQAyADcAMQAzADIALgBwAGQAZgAPABAABwBqAG8AaABuAGoAagByABIAHy9Eb2N1bWVudHMvcGFwZXJzL1MvYWEyNzEzMi5wZGYAABMAEC9Wb2x1bWVzL2pvaG5qanIAFAH6AAAAAAH6AAIAARRNYWNpbnRvc2ggSGFyZCBEcml2ZQAAAAAAAADJAJf9SCsAAAAKL6Maam9obmpqcl9pRGlzay5zcGFyc2VidW5kbGUAAAAAAAAAAAAAAAAAAAAAAAAAAAAAAAAAAAAAAAAAAAAAAAAAAApAw8kArhwAAAAAAAAAAP////8AAAkgAAAAAAAAAAAAAAAAAAAADDAwMWI2Mzk1NGY2MQAQAAgAAMkA3k0AAAARAAgAAMkA9GwAAAABABQACi+jAAovogAFq5QABauTAACRnwACAFxNYWNpbnRvc2ggSGFyZCBEcml2ZTpVc2Vyczpqb2huc29qaDpMaWJyYXJ5OkZpbGVTeW5jOjAwMWI2Mzk1NGY2MTpqb2huampyX2lEaXNrLnNwYXJzZWJ1bmRsZQAOADYAGgBqAG8AaABuAGoAagByAF8AaQBEAGkAcwBrAC4AcwBwAGEAcgBzAGUAYgB1AG4AZABsAGUADwAqABQATQBhAGMAaQBuAHQAbwBzAGgAIABIAGEAcgBkACAARAByAGkAdgBlABIAR1VzZXJzL2pvaG5zb2poL0xpYnJhcnkvRmlsZVN5bmMvMDAxYjYzOTU0ZjYxL2pvaG5qanJfaURpc2suc3BhcnNlYnVuZGxlAAATAAEvAAAVAAIAD///AAAAFgAHam9obmpqcgD//wAAgAXSHB0eH1gkY2xhc3Nlc1okY2xhc3NuYW1lox8gIV1OU011dGFibGVEYXRhVk5TRGF0YVhOU09iamVjdF8QPS4uLy4uLy4uLy4uLy4uL1ZvbHVtZXMvam9obmpqci9Eb2N1bWVudHMvcGFwZXJzL1MvYWEyNzEzMi5wZGbSHB0kJaIlIVxOU0RpY3Rpb25hcnkSAAGGoF8QD05TS2V5ZWRBcmNoaXZlcgAIABEAFgAfACgAMgA1ADoAPABFAEsAUgBdAGUAbABvAHEAcwB2AHgAegB8AIYAkwCYAKAECAQKBA8EGAQjBCcENQQ8BEUEhQSKBI0EmgSfAAAAAAAAAgEAAAAAAAAAKAAAAAAAAAAAAAAAAAAABLE=}}

@article{Szemeredi:1969vn,
	Author = {Endre Szemer\'{e}di},
	Date-Added = {2011-05-12 03:09:06 -0400},
	Date-Modified = {2011-05-12 03:13:05 -0400},
	Journal = {Acta Mathematica Hungarica},
	Number = {1--2},
	Pages = {89--104},
	Title = {{On Sets of Integers Contianing No Four Elements in Arithmetic Progression}},
	Volume = {20},
	Year = {1969},
	Bdsk-File-1 = {YnBsaXN0MDDUAQIDBAUIJidUJHRvcFgkb2JqZWN0c1gkdmVyc2lvblkkYXJjaGl2ZXLRBgdUcm9vdIABqAkKFRYXGyIjVSRudWxs0wsMDQ4RFFpOUy5vYmplY3RzV05TLmtleXNWJGNsYXNzog8QgASABqISE4ACgAOAB1lhbGlhc0RhdGFccmVsYXRpdmVQYXRo0hgNGRpXTlMuZGF0YU8RA2wAAAAAA2wAAgAAB2pvaG5qanIAAAAAAAAAAAAAAAAAAAAAAAAAAMkArhxIKwAFAAAAnw1zemRlbnNpdHkucGRmAAAAAAAAAAAAAAAAAAAAAAAAAAAAAAAAAAAAAAAAAAAAAAAAAAAAAAAAAAAAAAAAAAAAADGPyfDzpAAAAAAAAAAA/////wAADQIAAAAAAAAAAAAAAAAAAAABUwAAEAAIAADJAPRsAAAAEQAIAADJ8SvkAAAAAQAMAAAAnwAAAIMAAABfAAIAKGpvaG5qanI6RG9jdW1lbnRzOnBhcGVyczpTOnN6ZGVuc2l0eS5wZGYADgAcAA0AcwB6AGQAZQBuAHMAaQB0AHkALgBwAGQAZgAPABAABwBqAG8AaABuAGoAagByABIAIS9Eb2N1bWVudHMvcGFwZXJzL1Mvc3pkZW5zaXR5LnBkZgAAEwAQL1ZvbHVtZXMvam9obmpqcgAUAfoAAAAAAfoAAgABFE1hY2ludG9zaCBIYXJkIERyaXZlAAAAAAAAAMkAl/1IKwAAAAovoxpqb2huampyX2lEaXNrLnNwYXJzZWJ1bmRsZQAAAAAAAAAAAAAAAAAAAAAAAAAAAAAAAAAAAAAAAAAAAAAAAAAACkDDyQCuHAAAAAAAAAAA/////wAACSAAAAAAAAAAAAAAAAAAAAAMMDAxYjYzOTU0ZjYxABAACAAAyQDeTQAAABEACAAAyQD0bAAAAAEAFAAKL6MACi+iAAWrlAAFq5MAAJGfAAIAXE1hY2ludG9zaCBIYXJkIERyaXZlOlVzZXJzOmpvaG5zb2poOkxpYnJhcnk6RmlsZVN5bmM6MDAxYjYzOTU0ZjYxOmpvaG5qanJfaURpc2suc3BhcnNlYnVuZGxlAA4ANgAaAGoAbwBoAG4AagBqAHIAXwBpAEQAaQBzAGsALgBzAHAAYQByAHMAZQBiAHUAbgBkAGwAZQAPACoAFABNAGEAYwBpAG4AdABvAHMAaAAgAEgAYQByAGQAIABEAHIAaQB2AGUAEgBHVXNlcnMvam9obnNvamgvTGlicmFyeS9GaWxlU3luYy8wMDFiNjM5NTRmNjEvam9obmpqcl9pRGlzay5zcGFyc2VidW5kbGUAABMAAS8AABUAAgAP//8AAAAWAAdqb2huampyAP//AACABdIcHR4fWCRjbGFzc2VzWiRjbGFzc25hbWWjHyAhXU5TTXV0YWJsZURhdGFWTlNEYXRhWE5TT2JqZWN0XxA/Li4vLi4vLi4vLi4vLi4vVm9sdW1lcy9qb2huampyL0RvY3VtZW50cy9wYXBlcnMvUy9zemRlbnNpdHkucGRm0hwdJCWiJSFcTlNEaWN0aW9uYXJ5EgABhqBfEA9OU0tleWVkQXJjaGl2ZXIACAARABYAHwAoADIANQA6ADwARQBLAFIAXQBlAGwAbwBxAHMAdgB4AHoAfACGAJMAmACgBBAEEgQXBCAEKwQvBD0ERARNBI8ElASXBKQEqQAAAAAAAAIBAAAAAAAAACgAAAAAAAAAAAAAAAAAAAS7}}

@article{Roth:1953kx,
	Author = {Klaus Roth},
	Date-Added = {2011-05-12 02:59:28 -0400},
	Date-Modified = {2011-05-12 03:01:27 -0400},
	Journal = {Journal of the London Mathematical Society},
	Month = {January},
	Number = {1},
	Pages = {104--109},
	Title = {{On Certain Sets of Integers}},
	Volume = {28},
	Year = {1953},
	Bdsk-File-1 = {YnBsaXN0MDDUAQIDBAUIJidUJHRvcFgkb2JqZWN0c1gkdmVyc2lvblkkYXJjaGl2ZXLRBgdUcm9vdIABqAkKFRYXGyIjVSRudWxs0wsMDQ4RFFpOUy5vYmplY3RzV05TLmtleXNWJGNsYXNzog8QgASABqISE4ACgAOAB1lhbGlhc0RhdGFccmVsYXRpdmVQYXRo0hgNGRpXTlMuZGF0YU8RA84AAAAAA84AAgAAB2pvaG5qanIAAAAAAAAAAAAAAAAAAAAAAAAAAMkArhxIKwAFAAAAnR9KLiBMb25kb24gTWF0aC4gU29jLi0xOSM0RTYucGRmAAAAAAAAAAAAAAAAAAAAAAAAAAAAAAAAAAAAAAAAAAAAAATmyQl+2AAAAAAAAAAA/////wAADQIAAAAAAAAAAAAAAAAAAAABUgAAEAAIAADJAPRsAAAAEQAIAADJCcUoAAAAAQAMAAAAnQAAAIMAAABfAAIAOmpvaG5qanI6RG9jdW1lbnRzOnBhcGVyczpSOkouIExvbmRvbiBNYXRoLiBTb2MuLTE5IzRFNi5wZGYADgBSACgASgAuACAATABvAG4AZABvAG4AIABNAGEAdABoAC4AIABTAG8AYwAuAC0AMQA5ADUAMwAtAFIAbwB0AGgALQAxADAANAAtADkALgBwAGQAZgAPABAABwBqAG8AaABuAGoAagByABIAPC9Eb2N1bWVudHMvcGFwZXJzL1IvSi4gTG9uZG9uIE1hdGguIFNvYy4tMTk1My1Sb3RoLTEwNC05LnBkZgATABAvVm9sdW1lcy9qb2huampyABQB+gAAAAAB+gACAAEUTWFjaW50b3NoIEhhcmQgRHJpdmUAAAAAAAAAyQCX/UgrAAAACi+jGmpvaG5qanJfaURpc2suc3BhcnNlYnVuZGxlAAAAAAAAAAAAAAAAAAAAAAAAAAAAAAAAAAAAAAAAAAAAAAAAAAAKQMPJAK4cAAAAAAAAAAD/////AAAJIAAAAAAAAAAAAAAAAAAAAAwwMDFiNjM5NTRmNjEAEAAIAADJAN5NAAAAEQAIAADJAPRsAAAAAQAUAAovowAKL6IABauUAAWrkwAAkZ8AAgBcTWFjaW50b3NoIEhhcmQgRHJpdmU6VXNlcnM6am9obnNvamg6TGlicmFyeTpGaWxlU3luYzowMDFiNjM5NTRmNjE6am9obmpqcl9pRGlzay5zcGFyc2VidW5kbGUADgA2ABoAagBvAGgAbgBqAGoAcgBfAGkARABpAHMAawAuAHMAcABhAHIAcwBlAGIAdQBuAGQAbABlAA8AKgAUAE0AYQBjAGkAbgB0AG8AcwBoACAASABhAHIAZAAgAEQAcgBpAHYAZQASAEdVc2Vycy9qb2huc29qaC9MaWJyYXJ5L0ZpbGVTeW5jLzAwMWI2Mzk1NGY2MS9qb2huampyX2lEaXNrLnNwYXJzZWJ1bmRsZQAAEwABLwAAFQACAA///wAAABYAB2pvaG5qanIA//8AAIAF0hwdHh9YJGNsYXNzZXNaJGNsYXNzbmFtZaMfICFdTlNNdXRhYmxlRGF0YVZOU0RhdGFYTlNPYmplY3RfEFouLi8uLi8uLi8uLi8uLi9Wb2x1bWVzL2pvaG5qanIvRG9jdW1lbnRzL3BhcGVycy9SL0ouIExvbmRvbiBNYXRoLiBTb2MuLTE5NTMtUm90aC0xMDQtOS5wZGbSHB0kJaIlIVxOU0RpY3Rpb25hcnkSAAGGoF8QD05TS2V5ZWRBcmNoaXZlcgAIABEAFgAfACgAMgA1ADoAPABFAEsAUgBdAGUAbABvAHEAcwB2AHgAegB8AIYAkwCYAKAEcgR0BHkEggSNBJEEnwSmBK8FDAURBRQFIQUmAAAAAAAAAgEAAAAAAAAAKAAAAAAAAAAAAAAAAAAABTg=}}

@article{Roth:1952uq,
	Author = {Klaus Roth},
	Date-Added = {2011-05-12 02:52:04 -0400},
	Date-Modified = {2011-05-12 02:55:29 -0400},
	Journal = {Comptes rendus hebdomadaires des s\'{e}ances de l'Acad\'{e}mie des sciences},
	Pages = {388--390},
	Title = {{Sur quelques ensembles d'entiers}},
	Volume = {234},
	Year = {1952},
	Bdsk-File-1 = {YnBsaXN0MDDUAQIDBAUIJidUJHRvcFgkb2JqZWN0c1gkdmVyc2lvblkkYXJjaGl2ZXLRBgdUcm9vdIABqAkKFRYXGyIjVSRudWxs0wsMDQ4RFFpOUy5vYmplY3RzV05TLmtleXNWJGNsYXNzog8QgASABqISE4ACgAOAB1lhbGlhc0RhdGFccmVsYXRpdmVQYXRo0hgNGRpXTlMuZGF0YU8RA6AAAAAAA6AAAgAAB2pvaG5qanIAAAAAAAAAAAAAAAAAAAAAAAAAAMkArhxIKwAFAAAAnRpOMDAwMzE4Nl9QREZfMzg4XzM5MERNLnBkZgAAAAAAAAAAAAAAAAAAAAAAAAAAAAAAAAAAAAAAAAAAAAAAAAAAADGLyfDwtQAAAAAAAAAA/////wAADQIAAAAAAAAAAAAAAAAAAAABUgAAEAAIAADJAPRsAAAAEQAIAADJ8Sj1AAAAAQAMAAAAnQAAAIMAAABfAAIANWpvaG5qanI6RG9jdW1lbnRzOnBhcGVyczpSOk4wMDAzMTg2X1BERl8zODhfMzkwRE0ucGRmAAAOADYAGgBOADAAMAAwADMAMQA4ADYAXwBQAEQARgBfADMAOAA4AF8AMwA5ADAARABNAC4AcABkAGYADwAQAAcAagBvAGgAbgBqAGoAcgASAC4vRG9jdW1lbnRzL3BhcGVycy9SL04wMDAzMTg2X1BERl8zODhfMzkwRE0ucGRmABMAEC9Wb2x1bWVzL2pvaG5qanIAFAH6AAAAAAH6AAIAARRNYWNpbnRvc2ggSGFyZCBEcml2ZQAAAAAAAADJAJf9SCsAAAAKL6Maam9obmpqcl9pRGlzay5zcGFyc2VidW5kbGUAAAAAAAAAAAAAAAAAAAAAAAAAAAAAAAAAAAAAAAAAAAAAAAAAAApAw8kArhwAAAAAAAAAAP////8AAAkgAAAAAAAAAAAAAAAAAAAADDAwMWI2Mzk1NGY2MQAQAAgAAMkA3k0AAAARAAgAAMkA9GwAAAABABQACi+jAAovogAFq5QABauTAACRnwACAFxNYWNpbnRvc2ggSGFyZCBEcml2ZTpVc2Vyczpqb2huc29qaDpMaWJyYXJ5OkZpbGVTeW5jOjAwMWI2Mzk1NGY2MTpqb2huampyX2lEaXNrLnNwYXJzZWJ1bmRsZQAOADYAGgBqAG8AaABuAGoAagByAF8AaQBEAGkAcwBrAC4AcwBwAGEAcgBzAGUAYgB1AG4AZABsAGUADwAqABQATQBhAGMAaQBuAHQAbwBzAGgAIABIAGEAcgBkACAARAByAGkAdgBlABIAR1VzZXJzL2pvaG5zb2poL0xpYnJhcnkvRmlsZVN5bmMvMDAxYjYzOTU0ZjYxL2pvaG5qanJfaURpc2suc3BhcnNlYnVuZGxlAAATAAEvAAAVAAIAD///AAAAFgAHam9obmpqcgD//wAAgAXSHB0eH1gkY2xhc3Nlc1okY2xhc3NuYW1lox8gIV1OU011dGFibGVEYXRhVk5TRGF0YVhOU09iamVjdF8QTC4uLy4uLy4uLy4uLy4uL1ZvbHVtZXMvam9obmpqci9Eb2N1bWVudHMvcGFwZXJzL1IvTjAwMDMxODZfUERGXzM4OF8zOTBETS5wZGbSHB0kJaIlIVxOU0RpY3Rpb25hcnkSAAGGoF8QD05TS2V5ZWRBcmNoaXZlcgAIABEAFgAfACgAMgA1ADoAPABFAEsAUgBdAGUAbABvAHEAcwB2AHgAegB8AIYAkwCYAKAERARGBEsEVARfBGMEcQR4BIEE0ATVBNgE5QTqAAAAAAAAAgEAAAAAAAAAKAAAAAAAAAAAAAAAAAAABPw=}}

@article{Erdos:1936fk,
	Author = {Paul Erd\H{o}s and Paul Tur\'{a}n},
	Date-Added = {2011-05-12 02:42:33 -0400},
	Date-Modified = {2011-05-12 02:47:31 -0400},
	Journal = {Journal of the London Mathematical Society},
	Month = {October},
	Number = {4},
	Pages = {261--264},
	Title = {{On some Sequences of Integers}},
	Volume = {11},
	Year = {1936},
	Bdsk-File-1 = {YnBsaXN0MDDUAQIDBAUIJidUJHRvcFgkb2JqZWN0c1gkdmVyc2lvblkkYXJjaGl2ZXLRBgdUcm9vdIABqAkKFRYXGyIjVSRudWxs0wsMDQ4RFFpOUy5vYmplY3RzV05TLmtleXNWJGNsYXNzog8QgASABqISE4ACgAOAB1lhbGlhc0RhdGFccmVsYXRpdmVQYXRo0hgNGRpXTlMuZGF0YU8RA5YAAAAAA5YAAgAAB2pvaG5qanIAAAAAAAAAAAAAAAAAAAAAAAAAAMkArhxIKwAFAAA02QsxOTM2LTA1LnBkZgAAAAAAAAAAAAAAAAAAAAAAAAAAAAAAAAAAAAAAAAAAAAAAAAAAAAAAAAAAAAAAAAAAAAAAAAL3yQhQCgAAAAAAAAAA/////wAADQIAAAAAAAAAAAAAAAAAAAAPb24tc2VxLWludGVnZXJzAAAQAAgAAMkA9GwAAAARAAgAAMkIlloAAAABABAAADTZAAAC8gAAAIMAAABfAAIANmpvaG5qanI6RG9jdW1lbnRzOnBhcGVyczpFOm9uLXNlcS1pbnRlZ2VyczoxOTM2LTA1LnBkZgAOABgACwAxADkAMwA2AC0AMAA1AC4AcABkAGYADwAQAAcAagBvAGgAbgBqAGoAcgASAC8vRG9jdW1lbnRzL3BhcGVycy9FL29uLXNlcS1pbnRlZ2Vycy8xOTM2LTA1LnBkZgAAEwAQL1ZvbHVtZXMvam9obmpqcgAUAfoAAAAAAfoAAgABFE1hY2ludG9zaCBIYXJkIERyaXZlAAAAAAAAAMkAl/1IKwAAAAovoxpqb2huampyX2lEaXNrLnNwYXJzZWJ1bmRsZQAAAAAAAAAAAAAAAAAAAAAAAAAAAAAAAAAAAAAAAAAAAAAAAAAACkDDyQCuHAAAAAAAAAAA/////wAACSAAAAAAAAAAAAAAAAAAAAAMMDAxYjYzOTU0ZjYxABAACAAAyQDeTQAAABEACAAAyQD0bAAAAAEAFAAKL6MACi+iAAWrlAAFq5MAAJGfAAIAXE1hY2ludG9zaCBIYXJkIERyaXZlOlVzZXJzOmpvaG5zb2poOkxpYnJhcnk6RmlsZVN5bmM6MDAxYjYzOTU0ZjYxOmpvaG5qanJfaURpc2suc3BhcnNlYnVuZGxlAA4ANgAaAGoAbwBoAG4AagBqAHIAXwBpAEQAaQBzAGsALgBzAHAAYQByAHMAZQBiAHUAbgBkAGwAZQAPACoAFABNAGEAYwBpAG4AdABvAHMAaAAgAEgAYQByAGQAIABEAHIAaQB2AGUAEgBHVXNlcnMvam9obnNvamgvTGlicmFyeS9GaWxlU3luYy8wMDFiNjM5NTRmNjEvam9obmpqcl9pRGlzay5zcGFyc2VidW5kbGUAABMAAS8AABUAAgAP//8AAAAWAAdqb2huampyAP//AACABdIcHR4fWCRjbGFzc2VzWiRjbGFzc25hbWWjHyAhXU5TTXV0YWJsZURhdGFWTlNEYXRhWE5TT2JqZWN0XxBNLi4vLi4vLi4vLi4vLi4vVm9sdW1lcy9qb2huampyL0RvY3VtZW50cy9wYXBlcnMvRS9vbi1zZXEtaW50ZWdlcnMvMTkzNi0wNS5wZGbSHB0kJaIlIVxOU0RpY3Rpb25hcnkSAAGGoF8QD05TS2V5ZWRBcmNoaXZlcgAIABEAFgAfACgAMgA1ADoAPABFAEsAUgBdAGUAbABvAHEAcwB2AHgAegB8AIYAkwCYAKAEOgQ8BEEESgRVBFkEZwRuBHcExwTMBM8E3AThAAAAAAAAAgEAAAAAAAAAKAAAAAAAAAAAAAAAAAAABPM=}}

@article{Hindman:1996fk,
	Author = {Neil Hindman and Amir Maleki and Dona Strauss},
	Date-Added = {2011-05-02 21:44:16 -0400},
	Date-Modified = {2011-05-02 21:49:28 -0400},
	Journal = {Journal of Combinatorial Theory. Series A},
	Number = {2},
	Pages = {188--208},
	Title = {{Central Sets and Their Combinatorial Characterization}},
	Volume = {74},
	Year = {1996},
	Bdsk-File-1 = {YnBsaXN0MDDUAQIDBAUIJidUJHRvcFgkb2JqZWN0c1gkdmVyc2lvblkkYXJjaGl2ZXLRBgdUcm9vdIABqAkKFRYXGyIjVSRudWxs0wsMDQ4RFFpOUy5vYmplY3RzV05TLmtleXNWJGNsYXNzog8QgASABqISE4ACgAOAB1lhbGlhc0RhdGFccmVsYXRpdmVQYXRo0hgNGRpXTlMuZGF0YU8RA9wAAAAAA9wAAgAAB2pvaG5qanIAAAAAAAAAAAAAAAAAAAAAAAAAAMkArhxIKwAFAAAvcwtjZW50cmFsLnBkZgAAAAAAAAAAAAAAAAAAAAAAAAAAAAAAAAAAAAAAAAAAAAAAAAAAAAAAAAAAAAAAAAAAAAAAAAF0yNuXDQAAAAAAAAAA/////wAADQIAAAAAAAAAAAAAAAAAAAAfQ2VudHJhbCBTZXRzIGFuZCBUaGVpciBDb20jMkY3MwAAEAAIAADJAPRsAAAAEQAIAADI289NAAAAAQAQAAAvcwAAAI8AAACDAAAAXwACAEZqb2huampyOkRvY3VtZW50czpwYXBlcnM6SDpDZW50cmFsIFNldHMgYW5kIFRoZWlyIENvbSMyRjczOmNlbnRyYWwucGRmAA4AGAALAGMAZQBuAHQAcgBhAGwALgBwAGQAZgAPABAABwBqAG8AaABuAGoAagByABIAVS9Eb2N1bWVudHMvcGFwZXJzL0gvQ2VudHJhbCBTZXRzIGFuZCBUaGVpciBDb21iaW5hdG9yaWFsIENoYXJhY3Rlcml6YXRpb24vY2VudHJhbC5wZGYAABMAEC9Wb2x1bWVzL2pvaG5qanIAFAH6AAAAAAH6AAIAARRNYWNpbnRvc2ggSGFyZCBEcml2ZQAAAAAAAADJAJf9SCsAAAAKL6Maam9obmpqcl9pRGlzay5zcGFyc2VidW5kbGUAAAAAAAAAAAAAAAAAAAAAAAAAAAAAAAAAAAAAAAAAAAAAAAAAAApAw8kArhwAAAAAAAAAAP////8AAAkgAAAAAAAAAAAAAAAAAAAADDAwMWI2Mzk1NGY2MQAQAAgAAMkA3k0AAAARAAgAAMkA9GwAAAABABQACi+jAAovogAFq5QABauTAACRnwACAFxNYWNpbnRvc2ggSGFyZCBEcml2ZTpVc2Vyczpqb2huc29qaDpMaWJyYXJ5OkZpbGVTeW5jOjAwMWI2Mzk1NGY2MTpqb2huampyX2lEaXNrLnNwYXJzZWJ1bmRsZQAOADYAGgBqAG8AaABuAGoAagByAF8AaQBEAGkAcwBrAC4AcwBwAGEAcgBzAGUAYgB1AG4AZABsAGUADwAqABQATQBhAGMAaQBuAHQAbwBzAGgAIABIAGEAcgBkACAARAByAGkAdgBlABIAR1VzZXJzL2pvaG5zb2poL0xpYnJhcnkvRmlsZVN5bmMvMDAxYjYzOTU0ZjYxL2pvaG5qanJfaURpc2suc3BhcnNlYnVuZGxlAAATAAEvAAAVAAIAD///AAAAFgAHam9obmpqcgD//wAAgAXSHB0eH1gkY2xhc3Nlc1okY2xhc3NuYW1lox8gIV1OU011dGFibGVEYXRhVk5TRGF0YVhOU09iamVjdF8Qcy4uLy4uLy4uLy4uLy4uL1ZvbHVtZXMvam9obmpqci9Eb2N1bWVudHMvcGFwZXJzL0gvQ2VudHJhbCBTZXRzIGFuZCBUaGVpciBDb21iaW5hdG9yaWFsIENoYXJhY3Rlcml6YXRpb24vY2VudHJhbC5wZGbSHB0kJaIlIVxOU0RpY3Rpb25hcnkSAAGGoF8QD05TS2V5ZWRBcmNoaXZlcgAIABEAFgAfACgAMgA1ADoAPABFAEsAUgBdAGUAbABvAHEAcwB2AHgAegB8AIYAkwCYAKAEgASCBIcEkASbBJ8ErQS0BL0FMwU4BTsFSAVNAAAAAAAAAgEAAAAAAAAAKAAAAAAAAAAAAAAAAAAABV8=}}

@book{Schechter:1997fk,
	Author = {Eric Schechter},
	Date-Added = {2011-04-20 20:37:43 -0400},
	Date-Modified = {2011-04-20 20:39:05 -0400},
	Publisher = {Academic Press},
	Title = {{Handbook of Analysis and Its Foundations}},
	Year = {1997},
	Bdsk-File-1 = {YnBsaXN0MDDUAQIDBAUIJidUJHRvcFgkb2JqZWN0c1gkdmVyc2lvblkkYXJjaGl2ZXLRBgdUcm9vdIABqAkKFRYXGyIjVSRudWxs0wsMDQ4RFFpOUy5vYmplY3RzV05TLmtleXNWJGNsYXNzog8QgASABqISE4ACgAOAB1lhbGlhc0RhdGFccmVsYXRpdmVQYXRo0hgNGRpXTlMuZGF0YU8RBEQAAAAABEQAAgAAB2pvaG5qanIAAAAAAAAAAAAAAAAAAAAAAAAAAMkArhxIKwAFAAAkax9IYW5kYm9vayBvZiBBbmFseXNpcyBhIzI0NkMucGRmAAAAAAAAAAAAAAAAAAAAAAAAAAAAAAAAAAAAAAAAAAAAACRsw+cUqAAAAAAAAAAA/////wAADQIAAAAAAAAAAAAAAAAAAAAfSGFuZGJvb2sgb2YgQW5hbHlzaXMgYW5kIGkjMjQ2QgAAEAAIAADJAPRsAAAAEQAIAADD51r4AAAAAQAQAAAkawAAEuoAAAv/AAAAXwACAFlqb2huampyOkRvY3VtZW50czpib29rczpTOkhhbmRib29rIG9mIEFuYWx5c2lzIGFuZCBpIzI0NkI6SGFuZGJvb2sgb2YgQW5hbHlzaXMgYSMyNDZDLnBkZgAADgBaACwASABhAG4AZABiAG8AbwBrACAAbwBmACAAQQBuAGEAbAB5AHMAaQBzACAAYQBuAGQAIABJAHQAcwAgAEYAbwB1AG4AZABhAHQAaQBvAG4AcwAuAHAAZABmAA8AEAAHAGoAbwBoAG4AagBqAHIAEgBoL0RvY3VtZW50cy9ib29rcy9TL0hhbmRib29rIG9mIEFuYWx5c2lzIGFuZCBpdHMgRm91bmRhdGlvbnMvSGFuZGJvb2sgb2YgQW5hbHlzaXMgYW5kIEl0cyBGb3VuZGF0aW9ucy5wZGYAEwAQL1ZvbHVtZXMvam9obmpqcgAUAfoAAAAAAfoAAgABFE1hY2ludG9zaCBIYXJkIERyaXZlAAAAAAAAAMkAl/1IKwAAAAovoxpqb2huampyX2lEaXNrLnNwYXJzZWJ1bmRsZQAAAAAAAAAAAAAAAAAAAAAAAAAAAAAAAAAAAAAAAAAAAAAAAAAACkDDyQCuHAAAAAAAAAAA/////wAACSAAAAAAAAAAAAAAAAAAAAAMMDAxYjYzOTU0ZjYxABAACAAAyQDeTQAAABEACAAAyQD0bAAAAAEAFAAKL6MACi+iAAWrlAAFq5MAAJGfAAIAXE1hY2ludG9zaCBIYXJkIERyaXZlOlVzZXJzOmpvaG5zb2poOkxpYnJhcnk6RmlsZVN5bmM6MDAxYjYzOTU0ZjYxOmpvaG5qanJfaURpc2suc3BhcnNlYnVuZGxlAA4ANgAaAGoAbwBoAG4AagBqAHIAXwBpAEQAaQBzAGsALgBzAHAAYQByAHMAZQBiAHUAbgBkAGwAZQAPACoAFABNAGEAYwBpAG4AdABvAHMAaAAgAEgAYQByAGQAIABEAHIAaQB2AGUAEgBHVXNlcnMvam9obnNvamgvTGlicmFyeS9GaWxlU3luYy8wMDFiNjM5NTRmNjEvam9obmpqcl9pRGlzay5zcGFyc2VidW5kbGUAABMAAS8AABUAAgAP//8AAAAWAAdqb2huampyAP//AACABdIcHR4fWCRjbGFzc2VzWiRjbGFzc25hbWWjHyAhXU5TTXV0YWJsZURhdGFWTlNEYXRhWE5TT2JqZWN0XxCGLi4vLi4vLi4vLi4vLi4vVm9sdW1lcy9qb2huampyL0RvY3VtZW50cy9ib29rcy9TL0hhbmRib29rIG9mIEFuYWx5c2lzIGFuZCBpdHMgRm91bmRhdGlvbnMvSGFuZGJvb2sgb2YgQW5hbHlzaXMgYW5kIEl0cyBGb3VuZGF0aW9ucy5wZGbSHB0kJaIlIVxOU0RpY3Rpb25hcnkSAAGGoF8QD05TS2V5ZWRBcmNoaXZlcgAIABEAFgAfACgAMgA1ADoAPABFAEsAUgBdAGUAbABvAHEAcwB2AHgAegB8AIYAkwCYAKAE6ATqBO8E+AUDBQcFFQUcBSUFrgWzBbYFwwXIAAAAAAAAAgEAAAAAAAAAKAAAAAAAAAAAAAAAAAAABdo=}}

@article{Gottschalk:1951uq,
	Author = {W. H. Gottschalk},
	Date-Added = {2011-04-17 02:48:49 -0400},
	Date-Modified = {2011-04-17 02:49:33 -0400},
	Journal = {Proceedings of the American Mathematical Society},
	Number = {1},
	Pages = {172},
	Title = {{Choice Functions and Tychonoff's Theorem}},
	Volume = {2},
	Year = {1951},
	Bdsk-File-1 = {YnBsaXN0MDDUAQIDBAUIJidUJHRvcFgkb2JqZWN0c1gkdmVyc2lvblkkYXJjaGl2ZXLRBgdUcm9vdIABqAkKFRYXGyIjVSRudWxs0wsMDQ4RFFpOUy5vYmplY3RzV05TLmtleXNWJGNsYXNzog8QgASABqISE4ACgAOAB1lhbGlhc0RhdGFccmVsYXRpdmVQYXRo0hgNGRpXTlMuZGF0YU8RA/wAAAAAA/wAAgAAB2pvaG5qanIAAAAAAAAAAAAAAAAAAAAAAAAAAMkArhxIKwAFAAAyKhZSYWRvU2VsZWN0aW9uTGVtbWEucGRmAAAAAAAAAAAAAAAAAAAAAAAAAAAAAAAAAAAAAAAAAAAAAAAAAAAAAAAAAAFlyMlR6QAAAAAAAAAA/////wAADQIAAAAAAAAAAAAAAAAAAAAfQ2hvaWNlIEZ1bmN0aW9ucyBhbmQgVHljaG8jMzIyQQAAEAAIAADJAPRsAAAAEQAIAADIyYopAAAAAQAQAAAyKgAAAI0AAACDAAAAXwACAFFqb2huampyOkRvY3VtZW50czpwYXBlcnM6RzpDaG9pY2UgRnVuY3Rpb25zIGFuZCBUeWNobyMzMjJBOlJhZG9TZWxlY3Rpb25MZW1tYS5wZGYAAA4ALgAWAFIAYQBkAG8AUwBlAGwAZQBjAHQAaQBvAG4ATABlAG0AbQBhAC4AcABkAGYADwAQAAcAagBvAGgAbgBqAGoAcgASAFMvRG9jdW1lbnRzL3BhcGVycy9HL0Nob2ljZSBGdW5jdGlvbnMgYW5kIFR5Y2hvbm9mZidzIFRoZW9yZW0vUmFkb1NlbGVjdGlvbkxlbW1hLnBkZgAAEwAQL1ZvbHVtZXMvam9obmpqcgAUAfoAAAAAAfoAAgABFE1hY2ludG9zaCBIYXJkIERyaXZlAAAAAAAAAMkAl/1IKwAAAAovoxpqb2huampyX2lEaXNrLnNwYXJzZWJ1bmRsZQAAAAAAAAAAAAAAAAAAAAAAAAAAAAAAAAAAAAAAAAAAAAAAAAAACkDDyQCuHAAAAAAAAAAA/////wAACSAAAAAAAAAAAAAAAAAAAAAMMDAxYjYzOTU0ZjYxABAACAAAyQDeTQAAABEACAAAyQD0bAAAAAEAFAAKL6MACi+iAAWrlAAFq5MAAJGfAAIAXE1hY2ludG9zaCBIYXJkIERyaXZlOlVzZXJzOmpvaG5zb2poOkxpYnJhcnk6RmlsZVN5bmM6MDAxYjYzOTU0ZjYxOmpvaG5qanJfaURpc2suc3BhcnNlYnVuZGxlAA4ANgAaAGoAbwBoAG4AagBqAHIAXwBpAEQAaQBzAGsALgBzAHAAYQByAHMAZQBiAHUAbgBkAGwAZQAPACoAFABNAGEAYwBpAG4AdABvAHMAaAAgAEgAYQByAGQAIABEAHIAaQB2AGUAEgBHVXNlcnMvam9obnNvamgvTGlicmFyeS9GaWxlU3luYy8wMDFiNjM5NTRmNjEvam9obmpqcl9pRGlzay5zcGFyc2VidW5kbGUAABMAAS8AABUAAgAP//8AAAAWAAdqb2huampyAP//AACABdIcHR4fWCRjbGFzc2VzWiRjbGFzc25hbWWjHyAhXU5TTXV0YWJsZURhdGFWTlNEYXRhWE5TT2JqZWN0XxBxLi4vLi4vLi4vLi4vLi4vVm9sdW1lcy9qb2huampyL0RvY3VtZW50cy9wYXBlcnMvRy9DaG9pY2UgRnVuY3Rpb25zIGFuZCBUeWNob25vZmYncyBUaGVvcmVtL1JhZG9TZWxlY3Rpb25MZW1tYS5wZGbSHB0kJaIlIVxOU0RpY3Rpb25hcnkSAAGGoF8QD05TS2V5ZWRBcmNoaXZlcgAIABEAFgAfACgAMgA1ADoAPABFAEsAUgBdAGUAbABvAHEAcwB2AHgAegB8AIYAkwCYAKAEoASiBKcEsAS7BL8EzQTUBN0FUQVWBVkFZgVrAAAAAAAAAgEAAAAAAAAAKAAAAAAAAAAAAAAAAAAABX0=}}

@article{Rado:1949fk,
	Author = {Richard Rado},
	Date-Added = {2011-04-17 02:42:08 -0400},
	Date-Modified = {2011-04-17 02:46:22 -0400},
	Journal = {Canadian Journal of Mathematics},
	Pages = {337--343},
	Title = {{Axiomatic Treatment of Rank in Infinite Sets}},
	Volume = {1},
	Year = {1949},
	Bdsk-File-1 = {YnBsaXN0MDDUAQIDBAUIJidUJHRvcFgkb2JqZWN0c1gkdmVyc2lvblkkYXJjaGl2ZXLRBgdUcm9vdIABqAkKFRYXGyIjVSRudWxs0wsMDQ4RFFpOUy5vYmplY3RzV05TLmtleXNWJGNsYXNzog8QgASABqISE4ACgAOAB1lhbGlhc0RhdGFccmVsYXRpdmVQYXRo0hgNGRpXTlMuZGF0YU8RA5gAAAAAA5gAAgAAB2pvaG5qanIAAAAAAAAAAAAAAAAAAAAAAAAAAMkArhxIKwAFAAAAnRhjam0xOTQ5djAxLjAzMzctMDM0My5wZGYAAAAAAAAAAAAAAAAAAAAAAAAAAAAAAAAAAAAAAAAAAAAAAAAAAAAAAAHIyMlVzwAAAAAAAAAA/////wAADQIAAAAAAAAAAAAAAAAAAAABUgAAEAAIAADJAPRsAAAAEQAIAADIyY4PAAAAAQAMAAAAnQAAAIMAAABfAAIAM2pvaG5qanI6RG9jdW1lbnRzOnBhcGVyczpSOmNqbTE5NDl2MDEuMDMzNy0wMzQzLnBkZgAADgAyABgAYwBqAG0AMQA5ADQAOQB2ADAAMQAuADAAMwAzADcALQAwADMANAAzAC4AcABkAGYADwAQAAcAagBvAGgAbgBqAGoAcgASACwvRG9jdW1lbnRzL3BhcGVycy9SL2NqbTE5NDl2MDEuMDMzNy0wMzQzLnBkZgATABAvVm9sdW1lcy9qb2huampyABQB+gAAAAAB+gACAAEUTWFjaW50b3NoIEhhcmQgRHJpdmUAAAAAAAAAyQCX/UgrAAAACi+jGmpvaG5qanJfaURpc2suc3BhcnNlYnVuZGxlAAAAAAAAAAAAAAAAAAAAAAAAAAAAAAAAAAAAAAAAAAAAAAAAAAAKQMPJAK4cAAAAAAAAAAD/////AAAJIAAAAAAAAAAAAAAAAAAAAAwwMDFiNjM5NTRmNjEAEAAIAADJAN5NAAAAEQAIAADJAPRsAAAAAQAUAAovowAKL6IABauUAAWrkwAAkZ8AAgBcTWFjaW50b3NoIEhhcmQgRHJpdmU6VXNlcnM6am9obnNvamg6TGlicmFyeTpGaWxlU3luYzowMDFiNjM5NTRmNjE6am9obmpqcl9pRGlzay5zcGFyc2VidW5kbGUADgA2ABoAagBvAGgAbgBqAGoAcgBfAGkARABpAHMAawAuAHMAcABhAHIAcwBlAGIAdQBuAGQAbABlAA8AKgAUAE0AYQBjAGkAbgB0AG8AcwBoACAASABhAHIAZAAgAEQAcgBpAHYAZQASAEdVc2Vycy9qb2huc29qaC9MaWJyYXJ5L0ZpbGVTeW5jLzAwMWI2Mzk1NGY2MS9qb2huampyX2lEaXNrLnNwYXJzZWJ1bmRsZQAAEwABLwAAFQACAA///wAAABYAB2pvaG5qanIA//8AAIAF0hwdHh9YJGNsYXNzZXNaJGNsYXNzbmFtZaMfICFdTlNNdXRhYmxlRGF0YVZOU0RhdGFYTlNPYmplY3RfEEouLi8uLi8uLi8uLi8uLi9Wb2x1bWVzL2pvaG5qanIvRG9jdW1lbnRzL3BhcGVycy9SL2NqbTE5NDl2MDEuMDMzNy0wMzQzLnBkZtIcHSQloiUhXE5TRGljdGlvbmFyeRIAAYagXxAPTlNLZXllZEFyY2hpdmVyAAgAEQAWAB8AKAAyADUAOgA8AEUASwBSAF0AZQBsAG8AcQBzAHYAeAB6AHwAhgCTAJgAoAQ8BD4EQwRMBFcEWwRpBHAEeQTGBMsEzgTbBOAAAAAAAAACAQAAAAAAAAAoAAAAAAAAAAAAAAAAAAAE8g==}}

@article{Choquet:1947uq,
	Author = {Gustave Choquet},
	Date-Added = {2011-04-07 13:48:17 -0400},
	Date-Modified = {2011-04-07 13:50:46 -0400},
	Journal = {Comptes rendus hebdomadaires des s\'{e}ances de l'Acad\'{e}mie des sciences},
	Pages = {171--173},
	Title = {{Sur les notions de filtre et de grille}},
	Volume = {224},
	Year = {1947},
	Bdsk-File-1 = {YnBsaXN0MDDUAQIDBAUIJidUJHRvcFgkb2JqZWN0c1gkdmVyc2lvblkkYXJjaGl2ZXLRBgdUcm9vdIABqAkKFRYXGyIjVSRudWxs0wsMDQ4RFFpOUy5vYmplY3RzV05TLmtleXNWJGNsYXNzog8QgASABqISE4ACgAOAB1lhbGlhc0RhdGFccmVsYXRpdmVQYXRo0hgNGRpXTlMuZGF0YU8RA7wAAAAAA7wAAgAAB2pvaG5qanIAAAAAAAAAAAAAAAAAAAAAAAAAAMkArhxIKwAFAAA6IRRGaWx0ZXJzYW5kR3JpbGxzLnBkZgAAAAAAAAAAAAAAAAAAAAAAAAAAAAAAAAAAAAAAAAAAAAAAAAAAAAAAAAAAACiEybuaZwAAAAAAAAAA/////wAADQIAAAAAAAAAAAAAAAAAAAAQZmlsdHJlLWV0LWdyaWxsZQAQAAgAAMkA9GwAAAARAAgAAMm70qcAAAABABAAADohAAAAhgAAAIMAAABfAAIAQGpvaG5qanI6RG9jdW1lbnRzOnBhcGVyczpDOmZpbHRyZS1ldC1ncmlsbGU6RmlsdGVyc2FuZEdyaWxscy5wZGYADgAqABQARgBpAGwAdABlAHIAcwBhAG4AZABHAHIAaQBsAGwAcwAuAHAAZABmAA8AEAAHAGoAbwBoAG4AagBqAHIAEgA5L0RvY3VtZW50cy9wYXBlcnMvQy9maWx0cmUtZXQtZ3JpbGxlL0ZpbHRlcnNhbmRHcmlsbHMucGRmAAATABAvVm9sdW1lcy9qb2huampyABQB+gAAAAAB+gACAAEUTWFjaW50b3NoIEhhcmQgRHJpdmUAAAAAAAAAyQCX/UgrAAAACi+jGmpvaG5qanJfaURpc2suc3BhcnNlYnVuZGxlAAAAAAAAAAAAAAAAAAAAAAAAAAAAAAAAAAAAAAAAAAAAAAAAAAAKQMPJAK4cAAAAAAAAAAD/////AAAJIAAAAAAAAAAAAAAAAAAAAAwwMDFiNjM5NTRmNjEAEAAIAADJAN5NAAAAEQAIAADJAPRsAAAAAQAUAAovowAKL6IABauUAAWrkwAAkZ8AAgBcTWFjaW50b3NoIEhhcmQgRHJpdmU6VXNlcnM6am9obnNvamg6TGlicmFyeTpGaWxlU3luYzowMDFiNjM5NTRmNjE6am9obmpqcl9pRGlzay5zcGFyc2VidW5kbGUADgA2ABoAagBvAGgAbgBqAGoAcgBfAGkARABpAHMAawAuAHMAcABhAHIAcwBlAGIAdQBuAGQAbABlAA8AKgAUAE0AYQBjAGkAbgB0AG8AcwBoACAASABhAHIAZAAgAEQAcgBpAHYAZQASAEdVc2Vycy9qb2huc29qaC9MaWJyYXJ5L0ZpbGVTeW5jLzAwMWI2Mzk1NGY2MS9qb2huampyX2lEaXNrLnNwYXJzZWJ1bmRsZQAAEwABLwAAFQACAA///wAAABYAB2pvaG5qanIA//8AAIAF0hwdHh9YJGNsYXNzZXNaJGNsYXNzbmFtZaMfICFdTlNNdXRhYmxlRGF0YVZOU0RhdGFYTlNPYmplY3RfEFcuLi8uLi8uLi8uLi8uLi9Wb2x1bWVzL2pvaG5qanIvRG9jdW1lbnRzL3BhcGVycy9DL2ZpbHRyZS1ldC1ncmlsbGUvRmlsdGVyc2FuZEdyaWxscy5wZGbSHB0kJaIlIVxOU0RpY3Rpb25hcnkSAAGGoF8QD05TS2V5ZWRBcmNoaXZlcgAIABEAFgAfACgAMgA1ADoAPABFAEsAUgBdAGUAbABvAHEAcwB2AHgAegB8AIYAkwCYAKAEYARiBGcEcAR7BH8EjQSUBJ0E9wT8BP8FDAURAAAAAAAAAgEAAAAAAAAAKAAAAAAAAAAAAAAAAAAABSM=}}

@article{Blass:1977fk,
	Author = {Andreas Blass},
	Date-Added = {2011-04-07 13:18:32 -0400},
	Date-Modified = {2011-04-07 13:25:02 -0400},
	Journal = {Bulletin de l'Acad\'{e}mie Polonaise des Sciences. S\'{e}rie des Sciences Math\'{e}matiques, Astronomiques et Physiques},
	Number = {4},
	Pages = {329--331},
	Title = {{A model without ultrafilters}},
	Volume = {25},
	Year = {1977}}

@unpublished{Sundstrom:2010zr,
	Author = {Manya Raman Sundstr\"{o}m},
	Date-Added = {2011-04-06 20:24:05 -0400},
	Date-Modified = {2011-04-06 20:25:22 -0400},
	Month = {June},
	Note = {Availble at \url{http://arxiv.org/abs/1006.4131}},
	Title = {{A pedagogical history of compactness}},
	Year = {2010},
	Bdsk-File-1 = {YnBsaXN0MDDUAQIDBAUIJidUJHRvcFgkb2JqZWN0c1gkdmVyc2lvblkkYXJjaGl2ZXLRBgdUcm9vdIABqAkKFRYXGyIjVSRudWxs0wsMDQ4RFFpOUy5vYmplY3RzV05TLmtleXNWJGNsYXNzog8QgASABqISE4ACgAOAB1lhbGlhc0RhdGFccmVsYXRpdmVQYXRo0hgNGRpXTlMuZGF0YU8RA5AAAAAAA5AAAgAAB2pvaG5qanIAAAAAAAAAAAAAAAAAAAAAAAAAAMkArhxIKwAFAAAAnxZIaXN0b3J5Q29tcGFjdG5lc3MucGRmAAAAAAAAAAAAAAAAAAAAAAAAAAAAAAAAAAAAAAAAAAAAAAAAAAAAAAAAABgTyXmTGgAAAAAAAAAA/////wAADQIAAAAAAAAAAAAAAAAAAAABUwAAEAAIAADJAPRsAAAAEQAIAADJedlqAAAAAQAMAAAAnwAAAIMAAABfAAIAMWpvaG5qanI6RG9jdW1lbnRzOnBhcGVyczpTOkhpc3RvcnlDb21wYWN0bmVzcy5wZGYAAA4ALgAWAEgAaQBzAHQAbwByAHkAQwBvAG0AcABhAGMAdABuAGUAcwBzAC4AcABkAGYADwAQAAcAagBvAGgAbgBqAGoAcgASACovRG9jdW1lbnRzL3BhcGVycy9TL0hpc3RvcnlDb21wYWN0bmVzcy5wZGYAEwAQL1ZvbHVtZXMvam9obmpqcgAUAfoAAAAAAfoAAgABFE1hY2ludG9zaCBIYXJkIERyaXZlAAAAAAAAAMkAl/1IKwAAAAovoxpqb2huampyX2lEaXNrLnNwYXJzZWJ1bmRsZQAAAAAAAAAAAAAAAAAAAAAAAAAAAAAAAAAAAAAAAAAAAAAAAAAACkDDyQCuHAAAAAAAAAAA/////wAACSAAAAAAAAAAAAAAAAAAAAAMMDAxYjYzOTU0ZjYxABAACAAAyQDeTQAAABEACAAAyQD0bAAAAAEAFAAKL6MACi+iAAWrlAAFq5MAAJGfAAIAXE1hY2ludG9zaCBIYXJkIERyaXZlOlVzZXJzOmpvaG5zb2poOkxpYnJhcnk6RmlsZVN5bmM6MDAxYjYzOTU0ZjYxOmpvaG5qanJfaURpc2suc3BhcnNlYnVuZGxlAA4ANgAaAGoAbwBoAG4AagBqAHIAXwBpAEQAaQBzAGsALgBzAHAAYQByAHMAZQBiAHUAbgBkAGwAZQAPACoAFABNAGEAYwBpAG4AdABvAHMAaAAgAEgAYQByAGQAIABEAHIAaQB2AGUAEgBHVXNlcnMvam9obnNvamgvTGlicmFyeS9GaWxlU3luYy8wMDFiNjM5NTRmNjEvam9obmpqcl9pRGlzay5zcGFyc2VidW5kbGUAABMAAS8AABUAAgAP//8AAAAWAAdqb2huampyAP//AACABdIcHR4fWCRjbGFzc2VzWiRjbGFzc25hbWWjHyAhXU5TTXV0YWJsZURhdGFWTlNEYXRhWE5TT2JqZWN0XxBILi4vLi4vLi4vLi4vLi4vVm9sdW1lcy9qb2huampyL0RvY3VtZW50cy9wYXBlcnMvUy9IaXN0b3J5Q29tcGFjdG5lc3MucGRm0hwdJCWiJSFcTlNEaWN0aW9uYXJ5EgABhqBfEA9OU0tleWVkQXJjaGl2ZXIACAARABYAHwAoADIANQA6ADwARQBLAFIAXQBlAGwAbwBxAHMAdgB4AHoAfACGAJMAmACgBDQENgQ7BEQETwRTBGEEaARxBLwEwQTEBNEE1gAAAAAAAAIBAAAAAAAAACgAAAAAAAAAAAAAAAAAAATo}}

@article{Cartan:1937ys,
	Author = {Henri Cartan},
	Date-Added = {2011-04-06 20:18:55 -0400},
	Date-Modified = {2011-04-06 20:19:53 -0400},
	Journal = {Comptes rendus hebdomadaires des s\'{e}ances de l'Acad\'{e}mie des sciences},
	Pages = {777--779},
	Title = {{Filtres et ultrafiltres}},
	Volume = {205},
	Year = {1937},
	Bdsk-File-1 = {YnBsaXN0MDDUAQIDBAUIJidUJHRvcFgkb2JqZWN0c1gkdmVyc2lvblkkYXJjaGl2ZXLRBgdUcm9vdIABqAkKFRYXGyIjVSRudWxs0wsMDQ4RFFpOUy5vYmplY3RzV05TLmtleXNWJGNsYXNzog8QgASABqISE4ACgAOAB1lhbGlhc0RhdGFccmVsYXRpdmVQYXRo0hgNGRpXTlMuZGF0YU8RA7YAAAAAA7YAAgAAB2pvaG5qanIAAAAAAAAAAAAAAAAAAAAAAAAAAMkArhxIKwAFAAAAhh9maWx0ZXJzQW5kVWx0cmFmaWx0ZXJzIzI1RDgucGRmAAAAAAAAAAAAAAAAAAAAAAAAAAAAAAAAAAAAAAAAAAAAACXYyawqZQAAAAAAAAAA/////wAADQIAAAAAAAAAAAAAAAAAAAABQwAAEAAIAADJAPRsAAAAEQAIAADJrGKlAAAAAQAMAAAAhgAAAIMAAABfAAIAOmpvaG5qanI6RG9jdW1lbnRzOnBhcGVyczpDOmZpbHRlcnNBbmRVbHRyYWZpbHRlcnMjMjVEOC5wZGYADgBCACAAZgBpAGwAdABlAHIAcwBBAG4AZABVAGwAdAByAGEAZgBpAGwAdABlAHIAcwBDAGEAcgB0AGEAbgAuAHAAZABmAA8AEAAHAGoAbwBoAG4AagBqAHIAEgA0L0RvY3VtZW50cy9wYXBlcnMvQy9maWx0ZXJzQW5kVWx0cmFmaWx0ZXJzQ2FydGFuLnBkZgATABAvVm9sdW1lcy9qb2huampyABQB+gAAAAAB+gACAAEUTWFjaW50b3NoIEhhcmQgRHJpdmUAAAAAAAAAyQCX/UgrAAAACi+jGmpvaG5qanJfaURpc2suc3BhcnNlYnVuZGxlAAAAAAAAAAAAAAAAAAAAAAAAAAAAAAAAAAAAAAAAAAAAAAAAAAAKQMPJAK4cAAAAAAAAAAD/////AAAJIAAAAAAAAAAAAAAAAAAAAAwwMDFiNjM5NTRmNjEAEAAIAADJAN5NAAAAEQAIAADJAPRsAAAAAQAUAAovowAKL6IABauUAAWrkwAAkZ8AAgBcTWFjaW50b3NoIEhhcmQgRHJpdmU6VXNlcnM6am9obnNvamg6TGlicmFyeTpGaWxlU3luYzowMDFiNjM5NTRmNjE6am9obmpqcl9pRGlzay5zcGFyc2VidW5kbGUADgA2ABoAagBvAGgAbgBqAGoAcgBfAGkARABpAHMAawAuAHMAcABhAHIAcwBlAGIAdQBuAGQAbABlAA8AKgAUAE0AYQBjAGkAbgB0AG8AcwBoACAASABhAHIAZAAgAEQAcgBpAHYAZQASAEdVc2Vycy9qb2huc29qaC9MaWJyYXJ5L0ZpbGVTeW5jLzAwMWI2Mzk1NGY2MS9qb2huampyX2lEaXNrLnNwYXJzZWJ1bmRsZQAAEwABLwAAFQACAA///wAAABYAB2pvaG5qanIA//8AAIAF0hwdHh9YJGNsYXNzZXNaJGNsYXNzbmFtZaMfICFdTlNNdXRhYmxlRGF0YVZOU0RhdGFYTlNPYmplY3RfEFIuLi8uLi8uLi8uLi8uLi9Wb2x1bWVzL2pvaG5qanIvRG9jdW1lbnRzL3BhcGVycy9DL2ZpbHRlcnNBbmRVbHRyYWZpbHRlcnNDYXJ0YW4ucGRm0hwdJCWiJSFcTlNEaWN0aW9uYXJ5EgABhqBfEA9OU0tleWVkQXJjaGl2ZXIACAARABYAHwAoADIANQA6ADwARQBLAFIAXQBlAGwAbwBxAHMAdgB4AHoAfACGAJMAmACgBFoEXARhBGoEdQR5BIcEjgSXBOwE8QT0BQEFBgAAAAAAAAIBAAAAAAAAACgAAAAAAAAAAAAAAAAAAAUY}}

@article{Cartan:1937vn,
	Author = {Henri Cartan},
	Date-Added = {2011-04-06 20:15:24 -0400},
	Date-Modified = {2011-04-06 20:18:02 -0400},
	Journal = {Comptes rendus hebdomadaires des s\'{e}ances de l'Acad\'{e}mie des sciences},
	Pages = {595--598},
	Title = {{Th\'{e}orie des filtres}},
	Volume = {205},
	Year = {1937},
	Bdsk-File-1 = {YnBsaXN0MDDUAQIDBAUIJidUJHRvcFgkb2JqZWN0c1gkdmVyc2lvblkkYXJjaGl2ZXLRBgdUcm9vdIABqAkKFRYXGyIjVSRudWxs0wsMDQ4RFFpOUy5vYmplY3RzV05TLmtleXNWJGNsYXNzog8QgASABqISE4ACgAOAB1lhbGlhc0RhdGFccmVsYXRpdmVQYXRo0hgNGRpXTlMuZGF0YU8RA3wAAAAAA3wAAgAAB2pvaG5qanIAAAAAAAAAAAAAAAAAAAAAAAAAAMkArhxIKwAFAAAAhhFmaWx0ZXJzQ2FydGFuLnBkZgAAAAAAAAAAAAAAAAAAAAAAAAAAAAAAAAAAAAAAAAAAAAAAAAAAAAAAAAAAAAAAACXUyawpcgAAAAAAAAAA/////wAADQIAAAAAAAAAAAAAAAAAAAABQwAAEAAIAADJAPRsAAAAEQAIAADJrGGyAAAAAQAMAAAAhgAAAIMAAABfAAIALGpvaG5qanI6RG9jdW1lbnRzOnBhcGVyczpDOmZpbHRlcnNDYXJ0YW4ucGRmAA4AJAARAGYAaQBsAHQAZQByAHMAQwBhAHIAdABhAG4ALgBwAGQAZgAPABAABwBqAG8AaABuAGoAagByABIAJS9Eb2N1bWVudHMvcGFwZXJzL0MvZmlsdGVyc0NhcnRhbi5wZGYAABMAEC9Wb2x1bWVzL2pvaG5qanIAFAH6AAAAAAH6AAIAARRNYWNpbnRvc2ggSGFyZCBEcml2ZQAAAAAAAADJAJf9SCsAAAAKL6Maam9obmpqcl9pRGlzay5zcGFyc2VidW5kbGUAAAAAAAAAAAAAAAAAAAAAAAAAAAAAAAAAAAAAAAAAAAAAAAAAAApAw8kArhwAAAAAAAAAAP////8AAAkgAAAAAAAAAAAAAAAAAAAADDAwMWI2Mzk1NGY2MQAQAAgAAMkA3k0AAAARAAgAAMkA9GwAAAABABQACi+jAAovogAFq5QABauTAACRnwACAFxNYWNpbnRvc2ggSGFyZCBEcml2ZTpVc2Vyczpqb2huc29qaDpMaWJyYXJ5OkZpbGVTeW5jOjAwMWI2Mzk1NGY2MTpqb2huampyX2lEaXNrLnNwYXJzZWJ1bmRsZQAOADYAGgBqAG8AaABuAGoAagByAF8AaQBEAGkAcwBrAC4AcwBwAGEAcgBzAGUAYgB1AG4AZABsAGUADwAqABQATQBhAGMAaQBuAHQAbwBzAGgAIABIAGEAcgBkACAARAByAGkAdgBlABIAR1VzZXJzL2pvaG5zb2poL0xpYnJhcnkvRmlsZVN5bmMvMDAxYjYzOTU0ZjYxL2pvaG5qanJfaURpc2suc3BhcnNlYnVuZGxlAAATAAEvAAAVAAIAD///AAAAFgAHam9obmpqcgD//wAAgAXSHB0eH1gkY2xhc3Nlc1okY2xhc3NuYW1lox8gIV1OU011dGFibGVEYXRhVk5TRGF0YVhOU09iamVjdF8QQy4uLy4uLy4uLy4uLy4uL1ZvbHVtZXMvam9obmpqci9Eb2N1bWVudHMvcGFwZXJzL0MvZmlsdGVyc0NhcnRhbi5wZGbSHB0kJaIlIVxOU0RpY3Rpb25hcnkSAAGGoF8QD05TS2V5ZWRBcmNoaXZlcgAIABEAFgAfACgAMgA1ADoAPABFAEsAUgBdAGUAbABvAHEAcwB2AHgAegB8AIYAkwCYAKAEIAQiBCcEMAQ7BD8ETQRUBF0EowSoBKsEuAS9AAAAAAAAAgEAAAAAAAAAKAAAAAAAAAAAAAAAAAAABM8=}}

@article{Grattan-Guinness:1978kx,
	Author = {I. Grattan-Guinness},
	Date-Added = {2011-03-30 18:40:52 -0400},
	Date-Modified = {2011-04-09 03:22:06 -0400},
	Journal = {Historia Mathematica},
	Pages = {127--137},
	Title = {{How Bertrand Russell Discovered His Paradox}},
	Volume = {5},
	Year = {1978},
	Bdsk-File-1 = {YnBsaXN0MDDUAQIDBAUIJidUJHRvcFgkb2JqZWN0c1gkdmVyc2lvblkkYXJjaGl2ZXLRBgdUcm9vdIABqAkKFRYXGyIjVSRudWxs0wsMDQ4RFFpOUy5vYmplY3RzV05TLmtleXNWJGNsYXNzog8QgASABqISE4ACgAOAB1lhbGlhc0RhdGFccmVsYXRpdmVQYXRo0hgNGRpXTlMuZGF0YU8RA7oAAAAAA7oAAgAAB2pvaG5qanIAAAAAAAAAAAAAAAAAAAAAAAAAAMkArhxIKwAFAAAAjR9CZXJ0cmFuZFJ1c3NlbGxQYXJhZG94IzI3OEUucGRmAAAAAAAAAAAAAAAAAAAAAAAAAAAAAAAAAAAAAAAAAAAAACeOybYhgQAAAAAAAAAA/////wAADQIAAAAAAAAAAAAAAAAAAAABRwAAEAAIAADJAPRsAAAAEQAIAADJtlnBAAAAAQAMAAAAjQAAAIMAAABfAAIAOmpvaG5qanI6RG9jdW1lbnRzOnBhcGVyczpHOkJlcnRyYW5kUnVzc2VsbFBhcmFkb3gjMjc4RS5wZGYADgBEACEAQgBlAHIAdAByAGEAbgBkAFIAdQBzAHMAZQBsAGwAUABhAHIAYQBkAG8AeABIAGkAcwB0AG8AcgB5AC4AcABkAGYADwAQAAcAagBvAGgAbgBqAGoAcgASADUvRG9jdW1lbnRzL3BhcGVycy9HL0JlcnRyYW5kUnVzc2VsbFBhcmFkb3hIaXN0b3J5LnBkZgAAEwAQL1ZvbHVtZXMvam9obmpqcgAUAfoAAAAAAfoAAgABFE1hY2ludG9zaCBIYXJkIERyaXZlAAAAAAAAAMkAl/1IKwAAAAovoxpqb2huampyX2lEaXNrLnNwYXJzZWJ1bmRsZQAAAAAAAAAAAAAAAAAAAAAAAAAAAAAAAAAAAAAAAAAAAAAAAAAACkDDyQCuHAAAAAAAAAAA/////wAACSAAAAAAAAAAAAAAAAAAAAAMMDAxYjYzOTU0ZjYxABAACAAAyQDeTQAAABEACAAAyQD0bAAAAAEAFAAKL6MACi+iAAWrlAAFq5MAAJGfAAIAXE1hY2ludG9zaCBIYXJkIERyaXZlOlVzZXJzOmpvaG5zb2poOkxpYnJhcnk6RmlsZVN5bmM6MDAxYjYzOTU0ZjYxOmpvaG5qanJfaURpc2suc3BhcnNlYnVuZGxlAA4ANgAaAGoAbwBoAG4AagBqAHIAXwBpAEQAaQBzAGsALgBzAHAAYQByAHMAZQBiAHUAbgBkAGwAZQAPACoAFABNAGEAYwBpAG4AdABvAHMAaAAgAEgAYQByAGQAIABEAHIAaQB2AGUAEgBHVXNlcnMvam9obnNvamgvTGlicmFyeS9GaWxlU3luYy8wMDFiNjM5NTRmNjEvam9obmpqcl9pRGlzay5zcGFyc2VidW5kbGUAABMAAS8AABUAAgAP//8AAAAWAAdqb2huampyAP//AACABdIcHR4fWCRjbGFzc2VzWiRjbGFzc25hbWWjHyAhXU5TTXV0YWJsZURhdGFWTlNEYXRhWE5TT2JqZWN0XxBTLi4vLi4vLi4vLi4vLi4vVm9sdW1lcy9qb2huampyL0RvY3VtZW50cy9wYXBlcnMvRy9CZXJ0cmFuZFJ1c3NlbGxQYXJhZG94SGlzdG9yeS5wZGbSHB0kJaIlIVxOU0RpY3Rpb25hcnkSAAGGoF8QD05TS2V5ZWRBcmNoaXZlcgAIABEAFgAfACgAMgA1ADoAPABFAEsAUgBdAGUAbABvAHEAcwB2AHgAegB8AIYAkwCYAKAEXgRgBGUEbgR5BH0EiwSSBJsE8QT2BPkFBgULAAAAAAAAAgEAAAAAAAAAKAAAAAAAAAAAAAAAAAAABR0=}}

@webpage{Kalai:2010uq,
	Author = {Gil Kalai},
	Date-Added = {2011-03-30 17:57:14 -0400},
	Date-Modified = {2011-03-30 18:08:09 -0400},
	Lastchecked = {March 30, 2011},
	Month = {Feburary},
	Title = {{Solutions to the Continuum Hypothesis}},
	Url = {http://mathoverflow.net/questions/23829/},
	Year = {2010},
	Bdsk-Url-1 = {http://mathoverflow.net/questions/23829/}}

@electronic{Gindi:2010vn,
	Author = {Harry Gindi},
	Date-Added = {2011-03-29 23:57:27 -0400},
	Date-Modified = {2011-03-30 00:07:09 -0400},
	Lastchecked = {March 30, 2011},
	Month = {Feburary},
	Title = {{What is the general opinion on the Generalized Continuum Hypothesis?}},
	Url = {\url{http://mathoverflow.net/questions/14338/}},
	Year = {2010},
	Bdsk-Url-1 = {http://mathoverflow.net/questions/14338/}}

@article{Woodin:2001kx,
	Author = {W. Hugh Woodin},
	Date-Added = {2011-03-29 22:29:51 -0400},
	Date-Modified = {2011-03-29 22:31:05 -0400},
	Journal = {Notices of the American Mathematical Society},
	Number = {7},
	Pages = {681--690},
	Title = {{The Continuum Hypothesis, Part II}},
	Volume = {48},
	Year = {2001},
	Bdsk-File-1 = {YnBsaXN0MDDUAQIDBAUIJidUJHRvcFgkb2JqZWN0c1gkdmVyc2lvblkkYXJjaGl2ZXLRBgdUcm9vdIABqAkKFRYXGyIjVSRudWxs0wsMDQ4RFFpOUy5vYmplY3RzV05TLmtleXNWJGNsYXNzog8QgASABqISE4ACgAOAB1lhbGlhc0RhdGFccmVsYXRpdmVQYXRo0hgNGRpXTlMuZGF0YU8RA44AAAAAA44AAgAAB2pvaG5qanIAAAAAAAAAAAAAAAAAAAAAAAAAAMkArhxIKwAFAAA4UhBmZWEtd29vZGluSUkucGRmAAAAAAAAAAAAAAAAAAAAAAAAAAAAAAAAAAAAAAAAAAAAAAAAAAAAAAAAAAAAAAAAACeyybaWdAAAAAAAAAAA/////wAADQIAAAAAAAAAAAAAAAAAAAAGdGhlLUNIABAACAAAyQD0bAAAABEACAAAybbOtAAAAAEAEAAAOFIAAACkAAAAgwAAAF8AAgAyam9obmpqcjpEb2N1bWVudHM6cGFwZXJzOlc6dGhlLUNIOmZlYS13b29kaW5JSS5wZGYADgAiABAAZgBlAGEALQB3AG8AbwBkAGkAbgBJAEkALgBwAGQAZgAPABAABwBqAG8AaABuAGoAagByABIAKy9Eb2N1bWVudHMvcGFwZXJzL1cvdGhlLUNIL2ZlYS13b29kaW5JSS5wZGYAABMAEC9Wb2x1bWVzL2pvaG5qanIAFAH6AAAAAAH6AAIAARRNYWNpbnRvc2ggSGFyZCBEcml2ZQAAAAAAAADJAJf9SCsAAAAKL6Maam9obmpqcl9pRGlzay5zcGFyc2VidW5kbGUAAAAAAAAAAAAAAAAAAAAAAAAAAAAAAAAAAAAAAAAAAAAAAAAAAApAw8kArhwAAAAAAAAAAP////8AAAkgAAAAAAAAAAAAAAAAAAAADDAwMWI2Mzk1NGY2MQAQAAgAAMkA3k0AAAARAAgAAMkA9GwAAAABABQACi+jAAovogAFq5QABauTAACRnwACAFxNYWNpbnRvc2ggSGFyZCBEcml2ZTpVc2Vyczpqb2huc29qaDpMaWJyYXJ5OkZpbGVTeW5jOjAwMWI2Mzk1NGY2MTpqb2huampyX2lEaXNrLnNwYXJzZWJ1bmRsZQAOADYAGgBqAG8AaABuAGoAagByAF8AaQBEAGkAcwBrAC4AcwBwAGEAcgBzAGUAYgB1AG4AZABsAGUADwAqABQATQBhAGMAaQBuAHQAbwBzAGgAIABIAGEAcgBkACAARAByAGkAdgBlABIAR1VzZXJzL2pvaG5zb2poL0xpYnJhcnkvRmlsZVN5bmMvMDAxYjYzOTU0ZjYxL2pvaG5qanJfaURpc2suc3BhcnNlYnVuZGxlAAATAAEvAAAVAAIAD///AAAAFgAHam9obmpqcgD//wAAgAXSHB0eH1gkY2xhc3Nlc1okY2xhc3NuYW1lox8gIV1OU011dGFibGVEYXRhVk5TRGF0YVhOU09iamVjdF8QSS4uLy4uLy4uLy4uLy4uL1ZvbHVtZXMvam9obmpqci9Eb2N1bWVudHMvcGFwZXJzL1cvdGhlLUNIL2ZlYS13b29kaW5JSS5wZGbSHB0kJaIlIVxOU0RpY3Rpb25hcnkSAAGGoF8QD05TS2V5ZWRBcmNoaXZlcgAIABEAFgAfACgAMgA1ADoAPABFAEsAUgBdAGUAbABvAHEAcwB2AHgAegB8AIYAkwCYAKAEMgQ0BDkEQgRNBFEEXwRmBG8EuwTABMME0ATVAAAAAAAAAgEAAAAAAAAAKAAAAAAAAAAAAAAAAAAABOc=}}

@article{Woodin:2001uq,
	Author = {W. Hugh Woodin},
	Date-Added = {2011-03-29 22:27:56 -0400},
	Date-Modified = {2011-03-29 22:29:41 -0400},
	Journal = {Notices of the American Mathematical Society},
	Month = {June/July},
	Number = {6},
	Pages = {567--576},
	Title = {{The Continuum Hypothesis, Part I}},
	Volume = {48},
	Year = {2001},
	Bdsk-File-1 = {YnBsaXN0MDDUAQIDBAUIJidUJHRvcFgkb2JqZWN0c1gkdmVyc2lvblkkYXJjaGl2ZXLRBgdUcm9vdIABqAkKFRYXGyIjVSRudWxs0wsMDQ4RFFpOUy5vYmplY3RzV05TLmtleXNWJGNsYXNzog8QgASABqISE4ACgAOAB1lhbGlhc0RhdGFccmVsYXRpdmVQYXRo0hgNGRpXTlMuZGF0YU8RA4YAAAAAA4YAAgAAB2pvaG5qanIAAAAAAAAAAAAAAAAAAAAAAAAAAMkArhxIKwAFAAA4Ug5mZWEtd29vZGluLnBkZgAAAAAAAAAAAAAAAAAAAAAAAAAAAAAAAAAAAAAAAAAAAAAAAAAAAAAAAAAAAAAAAAAAACevybaWRAAAAAAAAAAA/////wAADQIAAAAAAAAAAAAAAAAAAAAGdGhlLUNIABAACAAAyQD0bAAAABEACAAAybbOhAAAAAEAEAAAOFIAAACkAAAAgwAAAF8AAgAwam9obmpqcjpEb2N1bWVudHM6cGFwZXJzOlc6dGhlLUNIOmZlYS13b29kaW4ucGRmAA4AHgAOAGYAZQBhAC0AdwBvAG8AZABpAG4ALgBwAGQAZgAPABAABwBqAG8AaABuAGoAagByABIAKS9Eb2N1bWVudHMvcGFwZXJzL1cvdGhlLUNIL2ZlYS13b29kaW4ucGRmAAATABAvVm9sdW1lcy9qb2huampyABQB+gAAAAAB+gACAAEUTWFjaW50b3NoIEhhcmQgRHJpdmUAAAAAAAAAyQCX/UgrAAAACi+jGmpvaG5qanJfaURpc2suc3BhcnNlYnVuZGxlAAAAAAAAAAAAAAAAAAAAAAAAAAAAAAAAAAAAAAAAAAAAAAAAAAAKQMPJAK4cAAAAAAAAAAD/////AAAJIAAAAAAAAAAAAAAAAAAAAAwwMDFiNjM5NTRmNjEAEAAIAADJAN5NAAAAEQAIAADJAPRsAAAAAQAUAAovowAKL6IABauUAAWrkwAAkZ8AAgBcTWFjaW50b3NoIEhhcmQgRHJpdmU6VXNlcnM6am9obnNvamg6TGlicmFyeTpGaWxlU3luYzowMDFiNjM5NTRmNjE6am9obmpqcl9pRGlzay5zcGFyc2VidW5kbGUADgA2ABoAagBvAGgAbgBqAGoAcgBfAGkARABpAHMAawAuAHMAcABhAHIAcwBlAGIAdQBuAGQAbABlAA8AKgAUAE0AYQBjAGkAbgB0AG8AcwBoACAASABhAHIAZAAgAEQAcgBpAHYAZQASAEdVc2Vycy9qb2huc29qaC9MaWJyYXJ5L0ZpbGVTeW5jLzAwMWI2Mzk1NGY2MS9qb2huampyX2lEaXNrLnNwYXJzZWJ1bmRsZQAAEwABLwAAFQACAA///wAAABYAB2pvaG5qanIA//8AAIAF0hwdHh9YJGNsYXNzZXNaJGNsYXNzbmFtZaMfICFdTlNNdXRhYmxlRGF0YVZOU0RhdGFYTlNPYmplY3RfEEcuLi8uLi8uLi8uLi8uLi9Wb2x1bWVzL2pvaG5qanIvRG9jdW1lbnRzL3BhcGVycy9XL3RoZS1DSC9mZWEtd29vZGluLnBkZtIcHSQloiUhXE5TRGljdGlvbmFyeRIAAYagXxAPTlNLZXllZEFyY2hpdmVyAAgAEQAWAB8AKAAyADUAOgA8AEUASwBSAF0AZQBsAG8AcQBzAHYAeAB6AHwAhgCTAJgAoAQqBCwEMQQ6BEUESQRXBF4EZwSxBLYEuQTGBMsAAAAAAAACAQAAAAAAAAAoAAAAAAAAAAAAAAAAAAAE3Q==}}

@article{Rado:1943fk,
	Author = {Richard Rado},
	Date-Added = {2011-03-26 17:40:00 -0400},
	Date-Modified = {2011-03-26 17:43:04 -0400},
	Journal = {Proceedings of the London Mathematical Society},
	Number = {2},
	Pages = {122--160},
	Title = {{Note on Combinatorial Analysis}},
	Volume = {48},
	Year = {1943},
	Bdsk-File-1 = {YnBsaXN0MDDUAQIDBAUIJidUJHRvcFgkb2JqZWN0c1gkdmVyc2lvblkkYXJjaGl2ZXLRBgdUcm9vdIABqAkKFRYXGyIjVSRudWxs0wsMDQ4RFFpOUy5vYmplY3RzV05TLmtleXNWJGNsYXNzog8QgASABqISE4ACgAOAB1lhbGlhc0RhdGFccmVsYXRpdmVQYXRo0hgNGRpXTlMuZGF0YU8RA9oAAAAAA9oAAgAAB2pvaG5qanIAAAAAAAAAAAAAAAAAAAAAAAAAAMkArhxIKwAFAAAAnR9Qcm9jLiBMb25kb24gTWF0aC4gU29jIzIxREIucGRmAAAAAAAAAAAAAAAAAAAAAAAAAAAAAAAAAAAAAAAAAAAAACHbyZK+fgAAAAAAAAAA/////wAADQIAAAAAAAAAAAAAAAAAAAABUgAAEAAIAADJAPRsAAAAEQAIAADJkwTOAAAAAQAMAAAAnQAAAIMAAABfAAIAOmpvaG5qanI6RG9jdW1lbnRzOnBhcGVyczpSOlByb2MuIExvbmRvbiBNYXRoLiBTb2MjMjFEQi5wZGYADgBaACwAUAByAG8AYwAuACAATABvAG4AZABvAG4AIABNAGEAdABoAC4AIABTAG8AYwAuAC0AMQA5ADQANQAtAFIAYQBkAG8ALQAxADIAMgAtADYAMAAuAHAAZABmAA8AEAAHAGoAbwBoAG4AagBqAHIAEgBAL0RvY3VtZW50cy9wYXBlcnMvUi9Qcm9jLiBMb25kb24gTWF0aC4gU29jLi0xOTQ1LVJhZG8tMTIyLTYwLnBkZgATABAvVm9sdW1lcy9qb2huampyABQB+gAAAAAB+gACAAEUTWFjaW50b3NoIEhhcmQgRHJpdmUAAAAAAAAAyQCX/UgrAAAACi+jGmpvaG5qanJfaURpc2suc3BhcnNlYnVuZGxlAAAAAAAAAAAAAAAAAAAAAAAAAAAAAAAAAAAAAAAAAAAAAAAAAAAKQMPJAK4cAAAAAAAAAAD/////AAAJIAAAAAAAAAAAAAAAAAAAAAwwMDFiNjM5NTRmNjEAEAAIAADJAN5NAAAAEQAIAADJAPRsAAAAAQAUAAovowAKL6IABauUAAWrkwAAkZ8AAgBcTWFjaW50b3NoIEhhcmQgRHJpdmU6VXNlcnM6am9obnNvamg6TGlicmFyeTpGaWxlU3luYzowMDFiNjM5NTRmNjE6am9obmpqcl9pRGlzay5zcGFyc2VidW5kbGUADgA2ABoAagBvAGgAbgBqAGoAcgBfAGkARABpAHMAawAuAHMAcABhAHIAcwBlAGIAdQBuAGQAbABlAA8AKgAUAE0AYQBjAGkAbgB0AG8AcwBoACAASABhAHIAZAAgAEQAcgBpAHYAZQASAEdVc2Vycy9qb2huc29qaC9MaWJyYXJ5L0ZpbGVTeW5jLzAwMWI2Mzk1NGY2MS9qb2huampyX2lEaXNrLnNwYXJzZWJ1bmRsZQAAEwABLwAAFQACAA///wAAABYAB2pvaG5qanIA//8AAIAF0hwdHh9YJGNsYXNzZXNaJGNsYXNzbmFtZaMfICFdTlNNdXRhYmxlRGF0YVZOU0RhdGFYTlNPYmplY3RfEF4uLi8uLi8uLi8uLi8uLi9Wb2x1bWVzL2pvaG5qanIvRG9jdW1lbnRzL3BhcGVycy9SL1Byb2MuIExvbmRvbiBNYXRoLiBTb2MuLTE5NDUtUmFkby0xMjItNjAucGRm0hwdJCWiJSFcTlNEaWN0aW9uYXJ5EgABhqBfEA9OU0tleWVkQXJjaGl2ZXIACAARABYAHwAoADIANQA6ADwARQBLAFIAXQBlAGwAbwBxAHMAdgB4AHoAfACGAJMAmACgBH4EgASFBI4EmQSdBKsEsgS7BRwFIQUkBTEFNgAAAAAAAAIBAAAAAAAAACgAAAAAAAAAAAAAAAAAAAVI}}

@book{Clifford:1967fk,
	Author = {A. H. Clifford and G. B. Preston},
	Date-Added = {2011-02-16 19:27:42 -0500},
	Date-Modified = {2011-02-16 19:29:08 -0500},
	Number = {7},
	Publisher = {American Mathematical Society},
	Series = {Mathematical Surveys},
	Title = {{The Algebraic Theory of Semigroups}},
	Volume = {2},
	Year = {1967}}

@unpublished{Hollings:2005vn,
	Author = {Christopher Hollings},
	Date-Added = {2011-02-16 10:03:47 -0500},
	Date-Modified = {2011-02-16 10:08:27 -0500},
	Note = {Availble on \url{http://sites.google.com/site/cdhollings/translations}},
	Title = {{A Summary Translation of Anton Suschkewitsch's \textsl{\"{U}ber die Endlichen Gruppen Ohne Das Gesetz der Eindeutigen Umkehrbarkeit}}},
	Year = {2005},
	Bdsk-File-1 = {YnBsaXN0MDDUAQIDBAUIJidUJHRvcFgkb2JqZWN0c1gkdmVyc2lvblkkYXJjaGl2ZXLRBgdUcm9vdIABqAkKFRYXGyIjVSRudWxs0wsMDQ4RFFpOUy5vYmplY3RzV05TLmtleXNWJGNsYXNzog8QgASABqISE4ACgAOAB1lhbGlhc0RhdGFccmVsYXRpdmVQYXRo0hgNGRpXTlMuZGF0YU8RA4AAAAAAA4AAAgAAB2pvaG5qanIAAAAAAAAAAAAAAAAAAAAAAAAAAMkArhxIKwAFAAAAjxJzdXNjaGtld2l0c2NoMy5wZGYAAAAAAAAAAAAAAAAAAAAAAAAAAAAAAAAAAAAAAAAAAAAAAAAAAAAAAAAAAAAAABhDyXoFqAAAAAAAAAAA/////wAADQIAAAAAAAAAAAAAAAAAAAABSAAAEAAIAADJAPRsAAAAEQAIAADJekv4AAAAAQAMAAAAjwAAAIMAAABfAAIALWpvaG5qanI6RG9jdW1lbnRzOnBhcGVyczpIOnN1c2Noa2V3aXRzY2gzLnBkZgAADgAmABIAcwB1AHMAYwBoAGsAZQB3AGkAdABzAGMAaAAzAC4AcABkAGYADwAQAAcAagBvAGgAbgBqAGoAcgASACYvRG9jdW1lbnRzL3BhcGVycy9IL3N1c2Noa2V3aXRzY2gzLnBkZgATABAvVm9sdW1lcy9qb2huampyABQB+gAAAAAB+gACAAEUTWFjaW50b3NoIEhhcmQgRHJpdmUAAAAAAAAAyQCX/UgrAAAACi+jGmpvaG5qanJfaURpc2suc3BhcnNlYnVuZGxlAAAAAAAAAAAAAAAAAAAAAAAAAAAAAAAAAAAAAAAAAAAAAAAAAAAKQMPJAK4cAAAAAAAAAAD/////AAAJIAAAAAAAAAAAAAAAAAAAAAwwMDFiNjM5NTRmNjEAEAAIAADJAN5NAAAAEQAIAADJAPRsAAAAAQAUAAovowAKL6IABauUAAWrkwAAkZ8AAgBcTWFjaW50b3NoIEhhcmQgRHJpdmU6VXNlcnM6am9obnNvamg6TGlicmFyeTpGaWxlU3luYzowMDFiNjM5NTRmNjE6am9obmpqcl9pRGlzay5zcGFyc2VidW5kbGUADgA2ABoAagBvAGgAbgBqAGoAcgBfAGkARABpAHMAawAuAHMAcABhAHIAcwBlAGIAdQBuAGQAbABlAA8AKgAUAE0AYQBjAGkAbgB0AG8AcwBoACAASABhAHIAZAAgAEQAcgBpAHYAZQASAEdVc2Vycy9qb2huc29qaC9MaWJyYXJ5L0ZpbGVTeW5jLzAwMWI2Mzk1NGY2MS9qb2huampyX2lEaXNrLnNwYXJzZWJ1bmRsZQAAEwABLwAAFQACAA///wAAABYAB2pvaG5qanIA//8AAIAF0hwdHh9YJGNsYXNzZXNaJGNsYXNzbmFtZaMfICFdTlNNdXRhYmxlRGF0YVZOU0RhdGFYTlNPYmplY3RfEEQuLi8uLi8uLi8uLi8uLi9Wb2x1bWVzL2pvaG5qanIvRG9jdW1lbnRzL3BhcGVycy9IL3N1c2Noa2V3aXRzY2gzLnBkZtIcHSQloiUhXE5TRGljdGlvbmFyeRIAAYagXxAPTlNLZXllZEFyY2hpdmVyAAgAEQAWAB8AKAAyADUAOgA8AEUASwBSAF0AZQBsAG8AcQBzAHYAeAB6AHwAhgCTAJgAoAQkBCYEKwQ0BD8EQwRRBFgEYQSoBK0EsAS9BMIAAAAAAAACAQAAAAAAAAAoAAAAAAAAAAAAAAAAAAAE1A==}}

@article{Hollings:2009kx,
	Author = {Christopher Hollings},
	Date-Added = {2011-02-16 09:56:26 -0500},
	Date-Modified = {2011-02-16 09:57:34 -0500},
	Journal = {Archive for History of Exact Sciences},
	Number = {5},
	Pages = {497--536},
	Title = {{The Early Development of the Algebraic Theory of Semigroups}},
	Volume = {64},
	Year = {2009},
	Bdsk-File-1 = {YnBsaXN0MDDUAQIDBAUIJidUJHRvcFgkb2JqZWN0c1gkdmVyc2lvblkkYXJjaGl2ZXLRBgdUcm9vdIABqAkKFRYXGyIjVSRudWxs0wsMDQ4RFFpOUy5vYmplY3RzV05TLmtleXNWJGNsYXNzog8QgASABqISE4ACgAOAB1lhbGlhc0RhdGFccmVsYXRpdmVQYXRo0hgNGRpXTlMuZGF0YU8RA5AAAAAAA5AAAgAAB2pvaG5qanIAAAAAAAAAAAAAAAAAAAAAAAAAAMkArhxIKwAFAAAAjxZFYXJseUhpc1NlbWlncm91cHMucGRmAAAAAAAAAAAAAAAAAAAAAAAAAAAAAAAAAAAAAAAAAAAAAAAAAAAAAAAAAB/MyYFPxwAAAAAAAAAA/////wAADQIAAAAAAAAAAAAAAAAAAAABSAAAEAAIAADJAPRsAAAAEQAIAADJgZYXAAAAAQAMAAAAjwAAAIMAAABfAAIAMWpvaG5qanI6RG9jdW1lbnRzOnBhcGVyczpIOkVhcmx5SGlzU2VtaWdyb3Vwcy5wZGYAAA4ALgAWAEUAYQByAGwAeQBIAGkAcwBTAGUAbQBpAGcAcgBvAHUAcABzAC4AcABkAGYADwAQAAcAagBvAGgAbgBqAGoAcgASACovRG9jdW1lbnRzL3BhcGVycy9IL0Vhcmx5SGlzU2VtaWdyb3Vwcy5wZGYAEwAQL1ZvbHVtZXMvam9obmpqcgAUAfoAAAAAAfoAAgABFE1hY2ludG9zaCBIYXJkIERyaXZlAAAAAAAAAMkAl/1IKwAAAAovoxpqb2huampyX2lEaXNrLnNwYXJzZWJ1bmRsZQAAAAAAAAAAAAAAAAAAAAAAAAAAAAAAAAAAAAAAAAAAAAAAAAAACkDDyQCuHAAAAAAAAAAA/////wAACSAAAAAAAAAAAAAAAAAAAAAMMDAxYjYzOTU0ZjYxABAACAAAyQDeTQAAABEACAAAyQD0bAAAAAEAFAAKL6MACi+iAAWrlAAFq5MAAJGfAAIAXE1hY2ludG9zaCBIYXJkIERyaXZlOlVzZXJzOmpvaG5zb2poOkxpYnJhcnk6RmlsZVN5bmM6MDAxYjYzOTU0ZjYxOmpvaG5qanJfaURpc2suc3BhcnNlYnVuZGxlAA4ANgAaAGoAbwBoAG4AagBqAHIAXwBpAEQAaQBzAGsALgBzAHAAYQByAHMAZQBiAHUAbgBkAGwAZQAPACoAFABNAGEAYwBpAG4AdABvAHMAaAAgAEgAYQByAGQAIABEAHIAaQB2AGUAEgBHVXNlcnMvam9obnNvamgvTGlicmFyeS9GaWxlU3luYy8wMDFiNjM5NTRmNjEvam9obmpqcl9pRGlzay5zcGFyc2VidW5kbGUAABMAAS8AABUAAgAP//8AAAAWAAdqb2huampyAP//AACABdIcHR4fWCRjbGFzc2VzWiRjbGFzc25hbWWjHyAhXU5TTXV0YWJsZURhdGFWTlNEYXRhWE5TT2JqZWN0XxBILi4vLi4vLi4vLi4vLi4vVm9sdW1lcy9qb2huampyL0RvY3VtZW50cy9wYXBlcnMvSC9FYXJseUhpc1NlbWlncm91cHMucGRm0hwdJCWiJSFcTlNEaWN0aW9uYXJ5EgABhqBfEA9OU0tleWVkQXJjaGl2ZXIACAARABYAHwAoADIANQA6ADwARQBLAFIAXQBlAGwAbwBxAHMAdgB4AHoAfACGAJMAmACgBDQENgQ7BEQETwRTBGEEaARxBLwEwQTEBNEE1gAAAAAAAAIBAAAAAAAAACgAAAAAAAAAAAAAAAAAAATo}}

@article{Hollings:2007uq,
	Author = {Christopher Hollings},
	Date-Added = {2011-02-16 09:53:41 -0500},
	Date-Modified = {2011-02-16 12:41:18 -0500},
	Journal = {Mathematics Magazine},
	Number = {5},
	Pages = {331--344},
	Title = {{Some First Tantalizing Steps into Semigroup Theory}},
	Volume = {80},
	Year = {2007},
	Bdsk-File-1 = {YnBsaXN0MDDUAQIDBAUIJidUJHRvcFgkb2JqZWN0c1gkdmVyc2lvblkkYXJjaGl2ZXLRBgdUcm9vdIABqAkKFRYXGyIjVSRudWxs0wsMDQ4RFFpOUy5vYmplY3RzV05TLmtleXNWJGNsYXNzog8QgASABqISE4ACgAOAB1lhbGlhc0RhdGFccmVsYXRpdmVQYXRo0hgNGRpXTlMuZGF0YU8RA4wAAAAAA4wAAgAAB2pvaG5qanIAAAAAAAAAAAAAAAAAAAAAAAAAAMkArhxIKwAFAAAAjxVGaXJzdFN0ZXBzU2VtaWdycC5wZGYAAAAAAAAAAAAAAAAAAAAAAAAAAAAAAAAAAAAAAAAAAAAAAAAAAAAAAAAAAB/JyYFPfAAAAAAAAAAA/////wAADQIAAAAAAAAAAAAAAAAAAAABSAAAEAAIAADJAPRsAAAAEQAIAADJgZXMAAAAAQAMAAAAjwAAAIMAAABfAAIAMGpvaG5qanI6RG9jdW1lbnRzOnBhcGVyczpIOkZpcnN0U3RlcHNTZW1pZ3JwLnBkZgAOACwAFQBGAGkAcgBzAHQAUwB0AGUAcABzAFMAZQBtAGkAZwByAHAALgBwAGQAZgAPABAABwBqAG8AaABuAGoAagByABIAKS9Eb2N1bWVudHMvcGFwZXJzL0gvRmlyc3RTdGVwc1NlbWlncnAucGRmAAATABAvVm9sdW1lcy9qb2huampyABQB+gAAAAAB+gACAAEUTWFjaW50b3NoIEhhcmQgRHJpdmUAAAAAAAAAyQCX/UgrAAAACi+jGmpvaG5qanJfaURpc2suc3BhcnNlYnVuZGxlAAAAAAAAAAAAAAAAAAAAAAAAAAAAAAAAAAAAAAAAAAAAAAAAAAAKQMPJAK4cAAAAAAAAAAD/////AAAJIAAAAAAAAAAAAAAAAAAAAAwwMDFiNjM5NTRmNjEAEAAIAADJAN5NAAAAEQAIAADJAPRsAAAAAQAUAAovowAKL6IABauUAAWrkwAAkZ8AAgBcTWFjaW50b3NoIEhhcmQgRHJpdmU6VXNlcnM6am9obnNvamg6TGlicmFyeTpGaWxlU3luYzowMDFiNjM5NTRmNjE6am9obmpqcl9pRGlzay5zcGFyc2VidW5kbGUADgA2ABoAagBvAGgAbgBqAGoAcgBfAGkARABpAHMAawAuAHMAcABhAHIAcwBlAGIAdQBuAGQAbABlAA8AKgAUAE0AYQBjAGkAbgB0AG8AcwBoACAASABhAHIAZAAgAEQAcgBpAHYAZQASAEdVc2Vycy9qb2huc29qaC9MaWJyYXJ5L0ZpbGVTeW5jLzAwMWI2Mzk1NGY2MS9qb2huampyX2lEaXNrLnNwYXJzZWJ1bmRsZQAAEwABLwAAFQACAA///wAAABYAB2pvaG5qanIA//8AAIAF0hwdHh9YJGNsYXNzZXNaJGNsYXNzbmFtZaMfICFdTlNNdXRhYmxlRGF0YVZOU0RhdGFYTlNPYmplY3RfEEcuLi8uLi8uLi8uLi8uLi9Wb2x1bWVzL2pvaG5qanIvRG9jdW1lbnRzL3BhcGVycy9IL0ZpcnN0U3RlcHNTZW1pZ3JwLnBkZtIcHSQloiUhXE5TRGljdGlvbmFyeRIAAYagXxAPTlNLZXllZEFyY2hpdmVyAAgAEQAWAB8AKAAyADUAOgA8AEUASwBSAF0AZQBsAG8AcQBzAHYAeAB6AHwAhgCTAJgAoAQwBDIENwRABEsETwRdBGQEbQS3BLwEvwTMBNEAAAAAAAACAQAAAAAAAAAoAAAAAAAAAAAAAAAAAAAE4w==}}

@book{Clifford:1961fk,
	Author = {A. H. Clifford and G. B. Preston},
	Date-Added = {2011-02-16 09:50:24 -0500},
	Date-Modified = {2011-02-16 09:52:48 -0500},
	Number = {7},
	Publisher = {American Mathematical Society},
	Series = {Mathematical Surveys and Mongraphs},
	Title = {{The Algebraic Theory of Semigroups}},
	Volume = {1},
	Year = {1961}}

@article{Rav:1977ys,
	Author = {Yehuda Rav},
	Date-Added = {2011-02-12 00:35:16 -0500},
	Date-Modified = {2011-02-12 00:37:10 -0500},
	Journal = {Mathematische Nachrichten},
	Pages = {145--165},
	Title = {{Variants of Rado's Selection Lemma and their Applications}},
	Volume = {79},
	Year = {1977},
	Bdsk-File-1 = {YnBsaXN0MDDUAQIDBAUIJidUJHRvcFgkb2JqZWN0c1gkdmVyc2lvblkkYXJjaGl2ZXLRBgdUcm9vdIABqAkKFRYXGyIjVSRudWxs0wsMDQ4RFFpOUy5vYmplY3RzV05TLmtleXNWJGNsYXNzog8QgASABqISE4ACgAOAB1lhbGlhc0RhdGFccmVsYXRpdmVQYXRo0hgNGRpXTlMuZGF0YU8RA4QAAAAAA4QAAgAAB2pvaG5qanIAAAAAAAAAAAAAAAAAAAAAAAAAAMkArhxIKwAFAAAAnRMxOTc3MDc5MDExMl9mdHAucGRmAAAAAAAAAAAAAAAAAAAAAAAAAAAAAAAAAAAAAAAAAAAAAAAAAAAAAAAAAAAAABlwyX7L9wAAAAAAAAAA/////wAADQIAAAAAAAAAAAAAAAAAAAABUgAAEAAIAADJAPRsAAAAEQAIAADJfxJHAAAAAQAMAAAAnQAAAIMAAABfAAIALmpvaG5qanI6RG9jdW1lbnRzOnBhcGVyczpSOjE5NzcwNzkwMTEyX2Z0cC5wZGYADgAoABMAMQA5ADcANwAwADcAOQAwADEAMQAyAF8AZgB0AHAALgBwAGQAZgAPABAABwBqAG8AaABuAGoAagByABIAJy9Eb2N1bWVudHMvcGFwZXJzL1IvMTk3NzA3OTAxMTJfZnRwLnBkZgAAEwAQL1ZvbHVtZXMvam9obmpqcgAUAfoAAAAAAfoAAgABFE1hY2ludG9zaCBIYXJkIERyaXZlAAAAAAAAAMkAl/1IKwAAAAovoxpqb2huampyX2lEaXNrLnNwYXJzZWJ1bmRsZQAAAAAAAAAAAAAAAAAAAAAAAAAAAAAAAAAAAAAAAAAAAAAAAAAACkDDyQCuHAAAAAAAAAAA/////wAACSAAAAAAAAAAAAAAAAAAAAAMMDAxYjYzOTU0ZjYxABAACAAAyQDeTQAAABEACAAAyQD0bAAAAAEAFAAKL6MACi+iAAWrlAAFq5MAAJGfAAIAXE1hY2ludG9zaCBIYXJkIERyaXZlOlVzZXJzOmpvaG5zb2poOkxpYnJhcnk6RmlsZVN5bmM6MDAxYjYzOTU0ZjYxOmpvaG5qanJfaURpc2suc3BhcnNlYnVuZGxlAA4ANgAaAGoAbwBoAG4AagBqAHIAXwBpAEQAaQBzAGsALgBzAHAAYQByAHMAZQBiAHUAbgBkAGwAZQAPACoAFABNAGEAYwBpAG4AdABvAHMAaAAgAEgAYQByAGQAIABEAHIAaQB2AGUAEgBHVXNlcnMvam9obnNvamgvTGlicmFyeS9GaWxlU3luYy8wMDFiNjM5NTRmNjEvam9obmpqcl9pRGlzay5zcGFyc2VidW5kbGUAABMAAS8AABUAAgAP//8AAAAWAAdqb2huampyAP//AACABdIcHR4fWCRjbGFzc2VzWiRjbGFzc25hbWWjHyAhXU5TTXV0YWJsZURhdGFWTlNEYXRhWE5TT2JqZWN0XxBFLi4vLi4vLi4vLi4vLi4vVm9sdW1lcy9qb2huampyL0RvY3VtZW50cy9wYXBlcnMvUi8xOTc3MDc5MDExMl9mdHAucGRm0hwdJCWiJSFcTlNEaWN0aW9uYXJ5EgABhqBfEA9OU0tleWVkQXJjaGl2ZXIACAARABYAHwAoADIANQA6ADwARQBLAFIAXQBlAGwAbwBxAHMAdgB4AHoAfACGAJMAmACgBCgEKgQvBDgEQwRHBFUEXARlBK0EsgS1BMIExwAAAAAAAAIBAAAAAAAAACgAAAAAAAAAAAAAAAAAAATZ}}

@article{Hindman:2009vn,
	Author = {Neil Hindman and Dona Strauss},
	Date-Added = {2011-02-12 00:17:53 -0500},
	Date-Modified = {2011-02-12 00:18:45 -0500},
	Journal = {New York Journal of Mathematics},
	Pages = {405--413},
	Title = {{A simple characterization of sets satisfying the Central Sets Theorem}},
	Volume = {15},
	Year = {2009},
	Bdsk-File-1 = {YnBsaXN0MDDUAQIDBAUIJidUJHRvcFgkb2JqZWN0c1gkdmVyc2lvblkkYXJjaGl2ZXLRBgdUcm9vdIABqAkKFRYXGyIjVSRudWxs0wsMDQ4RFFpOUy5vYmplY3RzV05TLmtleXNWJGNsYXNzog8QgASABqISE4ACgAOAB1lhbGlhc0RhdGFccmVsYXRpdmVQYXRo0hgNGRpXTlMuZGF0YU8RA1wAAAAAA1wAAgAAB2pvaG5qanIAAAAAAAAAAAAAAAAAAAAAAAAAAMkArhxIKwAFAAAAjwkxNS0yMS5wZGYAAAAAAAAAAAAAAAAAAAAAAAAAAAAAAAAAAAAAAAAAAAAAAAAAAAAAAAAAAAAAAAAAAAAAAAAAAAFsyNuVUAAAAAAAAAAA/////wAADQIAAAAAAAAAAAAAAAAAAAABSAAAEAAIAADJAPRsAAAAEQAIAADI282QAAAAAQAMAAAAjwAAAIMAAABfAAIAJGpvaG5qanI6RG9jdW1lbnRzOnBhcGVyczpIOjE1LTIxLnBkZgAOABQACQAxADUALQAyADEALgBwAGQAZgAPABAABwBqAG8AaABuAGoAagByABIAHS9Eb2N1bWVudHMvcGFwZXJzL0gvMTUtMjEucGRmAAATABAvVm9sdW1lcy9qb2huampyABQB+gAAAAAB+gACAAEUTWFjaW50b3NoIEhhcmQgRHJpdmUAAAAAAAAAyQCX/UgrAAAACi+jGmpvaG5qanJfaURpc2suc3BhcnNlYnVuZGxlAAAAAAAAAAAAAAAAAAAAAAAAAAAAAAAAAAAAAAAAAAAAAAAAAAAKQMPJAK4cAAAAAAAAAAD/////AAAJIAAAAAAAAAAAAAAAAAAAAAwwMDFiNjM5NTRmNjEAEAAIAADJAN5NAAAAEQAIAADJAPRsAAAAAQAUAAovowAKL6IABauUAAWrkwAAkZ8AAgBcTWFjaW50b3NoIEhhcmQgRHJpdmU6VXNlcnM6am9obnNvamg6TGlicmFyeTpGaWxlU3luYzowMDFiNjM5NTRmNjE6am9obmpqcl9pRGlzay5zcGFyc2VidW5kbGUADgA2ABoAagBvAGgAbgBqAGoAcgBfAGkARABpAHMAawAuAHMAcABhAHIAcwBlAGIAdQBuAGQAbABlAA8AKgAUAE0AYQBjAGkAbgB0AG8AcwBoACAASABhAHIAZAAgAEQAcgBpAHYAZQASAEdVc2Vycy9qb2huc29qaC9MaWJyYXJ5L0ZpbGVTeW5jLzAwMWI2Mzk1NGY2MS9qb2huampyX2lEaXNrLnNwYXJzZWJ1bmRsZQAAEwABLwAAFQACAA///wAAABYAB2pvaG5qanIA//8AAIAF0hwdHh9YJGNsYXNzZXNaJGNsYXNzbmFtZaMfICFdTlNNdXRhYmxlRGF0YVZOU0RhdGFYTlNPYmplY3RfEDsuLi8uLi8uLi8uLi8uLi9Wb2x1bWVzL2pvaG5qanIvRG9jdW1lbnRzL3BhcGVycy9ILzE1LTIxLnBkZtIcHSQloiUhXE5TRGljdGlvbmFyeRIAAYagXxAPTlNLZXllZEFyY2hpdmVyAAgAEQAWAB8AKAAyADUAOgA8AEUASwBSAF0AZQBsAG8AcQBzAHYAeAB6AHwAhgCTAJgAoAQABAIEBwQQBBsEHwQtBDQEPQR7BIAEgwSQBJUAAAAAAAACAQAAAAAAAAAoAAAAAAAAAAAAAAAAAAAEpw==}}

@article{Suschkewitsch:1928kx,
	Author = {Anton Kazimirovich Suschkewitsch},
	Date-Added = {2011-02-10 20:30:47 -0500},
	Date-Modified = {2011-02-10 20:32:45 -0500},
	Journal = {Mathematische Annalen},
	Pages = {30--50},
	Title = {{\H{U}ber die endlichen Gruppen ohne das Gesetz der eindeutigen Umkehrbarkeit}},
	Volume = {88},
	Year = {1928}}

@article{Hollings:2009uq,
	Author = {Christopher Hollings},
	Date-Added = {2011-02-10 20:25:04 -0500},
	Date-Modified = {2011-02-10 20:26:51 -0500},
	Journal = {BSHM Bulletin: Journal of the British Society for the History of Mathematics},
	Number = {3},
	Pages = {172--179},
	Title = {{Anton Kazimirovich Suschkewitsch (1889-1961)}},
	Volume = {24},
	Year = {2009},
	Bdsk-File-1 = {YnBsaXN0MDDUAQIDBAUIJidUJHRvcFgkb2JqZWN0c1gkdmVyc2lvblkkYXJjaGl2ZXLRBgdUcm9vdIABqAkKFRYXGyIjVSRudWxs0wsMDQ4RFFpOUy5vYmplY3RzV05TLmtleXNWJGNsYXNzog8QgASABqISE4ACgAOAB1lhbGlhc0RhdGFccmVsYXRpdmVQYXRo0hgNGRpXTlMuZGF0YU8RA4gAAAAAA4gAAgAAB2pvaG5qanIAAAAAAAAAAAAAAAAAAAAAAAAAAMkArhxIKwAFAAAAjxRTdXNjaGtld2l0c2NoQmlvLnBkZgAAAAAAAAAAAAAAAAAAAAAAAAAAAAAAAAAAAAAAAAAAAAAAAAAAAAAAAAAAABg9yXn2vAAAAAAAAAAA/////wAADQIAAAAAAAAAAAAAAAAAAAABSAAAEAAIAADJAPRsAAAAEQAIAADJej0MAAAAAQAMAAAAjwAAAIMAAABfAAIAL2pvaG5qanI6RG9jdW1lbnRzOnBhcGVyczpIOlN1c2Noa2V3aXRzY2hCaW8ucGRmAAAOACoAFABTAHUAcwBjAGgAawBlAHcAaQB0AHMAYwBoAEIAaQBvAC4AcABkAGYADwAQAAcAagBvAGgAbgBqAGoAcgASACgvRG9jdW1lbnRzL3BhcGVycy9IL1N1c2Noa2V3aXRzY2hCaW8ucGRmABMAEC9Wb2x1bWVzL2pvaG5qanIAFAH6AAAAAAH6AAIAARRNYWNpbnRvc2ggSGFyZCBEcml2ZQAAAAAAAADJAJf9SCsAAAAKL6Maam9obmpqcl9pRGlzay5zcGFyc2VidW5kbGUAAAAAAAAAAAAAAAAAAAAAAAAAAAAAAAAAAAAAAAAAAAAAAAAAAApAw8kArhwAAAAAAAAAAP////8AAAkgAAAAAAAAAAAAAAAAAAAADDAwMWI2Mzk1NGY2MQAQAAgAAMkA3k0AAAARAAgAAMkA9GwAAAABABQACi+jAAovogAFq5QABauTAACRnwACAFxNYWNpbnRvc2ggSGFyZCBEcml2ZTpVc2Vyczpqb2huc29qaDpMaWJyYXJ5OkZpbGVTeW5jOjAwMWI2Mzk1NGY2MTpqb2huampyX2lEaXNrLnNwYXJzZWJ1bmRsZQAOADYAGgBqAG8AaABuAGoAagByAF8AaQBEAGkAcwBrAC4AcwBwAGEAcgBzAGUAYgB1AG4AZABsAGUADwAqABQATQBhAGMAaQBuAHQAbwBzAGgAIABIAGEAcgBkACAARAByAGkAdgBlABIAR1VzZXJzL2pvaG5zb2poL0xpYnJhcnkvRmlsZVN5bmMvMDAxYjYzOTU0ZjYxL2pvaG5qanJfaURpc2suc3BhcnNlYnVuZGxlAAATAAEvAAAVAAIAD///AAAAFgAHam9obmpqcgD//wAAgAXSHB0eH1gkY2xhc3Nlc1okY2xhc3NuYW1lox8gIV1OU011dGFibGVEYXRhVk5TRGF0YVhOU09iamVjdF8QRi4uLy4uLy4uLy4uLy4uL1ZvbHVtZXMvam9obmpqci9Eb2N1bWVudHMvcGFwZXJzL0gvU3VzY2hrZXdpdHNjaEJpby5wZGbSHB0kJaIlIVxOU0RpY3Rpb25hcnkSAAGGoF8QD05TS2V5ZWRBcmNoaXZlcgAIABEAFgAfACgAMgA1ADoAPABFAEsAUgBdAGUAbABvAHEAcwB2AHgAegB8AIYAkwCYAKAELAQuBDMEPARHBEsEWQRgBGkEsgS3BLoExwTMAAAAAAAAAgEAAAAAAAAAKAAAAAAAAAAAAAAAAAAABN4=}}

@incollection{Hindman:1979fk,
	Author = {Neil Hindman},
	Booktitle = {Number Theory Carbondale},
	Date-Added = {2011-02-09 19:56:06 -0500},
	Date-Modified = {2011-02-09 19:57:56 -0500},
	Pages = {119--184},
	Publisher = {Springer},
	Series = {Lecture Notes in Mathematics},
	Title = {{Ultrafilters and combinatorial number theory}},
	Volume = {751},
	Year = {1979}}

@incollection{Van-der-Waerden:1971fk,
	Address = {London},
	Author = {Van der Waerden, Bartel Leendert},
	Booktitle = {Studies in Pure Mathematics (Presented to Richard Rado)},
	Date-Added = {2011-01-27 20:13:23 -0500},
	Date-Modified = {2011-01-27 20:15:38 -0500},
	Pages = {251--260},
	Publisher = {Academic Press},
	Title = {{How the proof of Baudet's conjecture was found}},
	Year = {1971}}

@article{Rado:1933vn,
	Author = {Richard Rado},
	Date-Added = {2011-01-26 23:26:17 -0500},
	Date-Modified = {2011-01-26 23:28:39 -0500},
	Journal = {Mathematische Zeitschrift},
	Pages = {242--280},
	Title = {{Studien zur Kombinatorik}},
	Volume = {36},
	Year = {1933},
	Bdsk-File-1 = {YnBsaXN0MDDUAQIDBAUIJidUJHRvcFgkb2JqZWN0c1gkdmVyc2lvblkkYXJjaGl2ZXLRBgdUcm9vdIABqAkKFRYXGyIjVSRudWxs0wsMDQ4RFFpOUy5vYmplY3RzV05TLmtleXNWJGNsYXNzog8QgASABqISE4ACgAOAB1lhbGlhc0RhdGFccmVsYXRpdmVQYXRo0hgNGRpXTlMuZGF0YU8RA4gAAAAAA4gAAgAAB2pvaG5qanIAAAAAAAAAAAAAAAAAAAAAAAAAAMkArhxIKwAFAAAAnRRyYWRvZGlzc2VydGF0aW9uLnBkZgAAAAAAAAAAAAAAAAAAAAAAAAAAAAAAAAAAAAAAAAAAAAAAAAAAAAAAAAAAAAaWyR1oNwAAAAAAAAAA/////wAADQIAAAAAAAAAAAAAAAAAAAABUgAAEAAIAADJAPRsAAAAEQAIAADJHa6HAAAAAQAMAAAAnQAAAIMAAABfAAIAL2pvaG5qanI6RG9jdW1lbnRzOnBhcGVyczpSOnJhZG9kaXNzZXJ0YXRpb24ucGRmAAAOACoAFAByAGEAZABvAGQAaQBzAHMAZQByAHQAYQB0AGkAbwBuAC4AcABkAGYADwAQAAcAagBvAGgAbgBqAGoAcgASACgvRG9jdW1lbnRzL3BhcGVycy9SL3JhZG9kaXNzZXJ0YXRpb24ucGRmABMAEC9Wb2x1bWVzL2pvaG5qanIAFAH6AAAAAAH6AAIAARRNYWNpbnRvc2ggSGFyZCBEcml2ZQAAAAAAAADJAJf9SCsAAAAKL6Maam9obmpqcl9pRGlzay5zcGFyc2VidW5kbGUAAAAAAAAAAAAAAAAAAAAAAAAAAAAAAAAAAAAAAAAAAAAAAAAAAApAw8kArhwAAAAAAAAAAP////8AAAkgAAAAAAAAAAAAAAAAAAAADDAwMWI2Mzk1NGY2MQAQAAgAAMkA3k0AAAARAAgAAMkA9GwAAAABABQACi+jAAovogAFq5QABauTAACRnwACAFxNYWNpbnRvc2ggSGFyZCBEcml2ZTpVc2Vyczpqb2huc29qaDpMaWJyYXJ5OkZpbGVTeW5jOjAwMWI2Mzk1NGY2MTpqb2huampyX2lEaXNrLnNwYXJzZWJ1bmRsZQAOADYAGgBqAG8AaABuAGoAagByAF8AaQBEAGkAcwBrAC4AcwBwAGEAcgBzAGUAYgB1AG4AZABsAGUADwAqABQATQBhAGMAaQBuAHQAbwBzAGgAIABIAGEAcgBkACAARAByAGkAdgBlABIAR1VzZXJzL2pvaG5zb2poL0xpYnJhcnkvRmlsZVN5bmMvMDAxYjYzOTU0ZjYxL2pvaG5qanJfaURpc2suc3BhcnNlYnVuZGxlAAATAAEvAAAVAAIAD///AAAAFgAHam9obmpqcgD//wAAgAXSHB0eH1gkY2xhc3Nlc1okY2xhc3NuYW1lox8gIV1OU011dGFibGVEYXRhVk5TRGF0YVhOU09iamVjdF8QRi4uLy4uLy4uLy4uLy4uL1ZvbHVtZXMvam9obmpqci9Eb2N1bWVudHMvcGFwZXJzL1IvcmFkb2Rpc3NlcnRhdGlvbi5wZGbSHB0kJaIlIVxOU0RpY3Rpb25hcnkSAAGGoF8QD05TS2V5ZWRBcmNoaXZlcgAIABEAFgAfACgAMgA1ADoAPABFAEsAUgBdAGUAbABvAHEAcwB2AHgAegB8AIYAkwCYAKAELAQuBDMEPARHBEsEWQRgBGkEsgS3BLoExwTMAAAAAAAAAgEAAAAAAAAAKAAAAAAAAAAAAAAAAAAABN4=}}

@article{Schur:1916kx,
	Author = {Iassi Schur},
	Date-Added = {2011-01-26 20:35:58 -0500},
	Date-Modified = {2011-01-26 20:37:59 -0500},
	Journal = {Jahresbericht der Deutschen Mathematiker-Vereinigung},
	Pages = {114--117},
	Title = {{\"{U}ber die Kongruenz $x^m+y^m=z^m \pmod p$}},
	Volume = {25},
	Year = {1916}}

@article{Hilbert:1892uq,
	Author = {David Hilbert},
	Date-Added = {2011-01-26 20:31:25 -0500},
	Date-Modified = {2011-01-26 20:35:03 -0500},
	Journal = {Journal f\"{u}r die reine und angewandte Mathematik},
	Pages = {104--129},
	Title = {{\"{U}ber die Irreduzibilit\"{a}t ganzer rationaler Funktionen mit ganzzahlingen Koeffizienten}},
	Volume = {110},
	Year = {1892}}

@unpublished{Forms:2003fk,
	Author = {First Life Forms},
	Date-Added = {2011-01-26 20:27:57 -0500},
	Date-Modified = {2011-01-26 20:30:41 -0500},
	Title = {{Pigeonhole Principle and Eating}},
	Year = {approximately 3 billion years ago}}

@book{Soifer:2009fk,
	Author = {Alexander Soifer},
	Date-Added = {2011-01-19 20:09:03 -0500},
	Date-Modified = {2011-01-19 20:10:45 -0500},
	Publisher = {Springer},
	Title = {The Mathematical Coloring Book: Mathematics of Coloring and the Colorful Life of its Creators},
	Year = {2009}}

@article{Graham:1972fk,
	Author = {R. L. Graham and K. Leeb and B.L. Rothschild},
	Date-Added = {2011-01-19 00:37:54 -0500},
	Date-Modified = {2011-01-19 00:39:08 -0500},
	Journal = {Advances in Mathematics},
	Month = {June},
	Number = {3},
	Pages = {417--33},
	Title = {{Ramsey's Theorem for a Class of Categories}},
	Volume = {8},
	Year = {1972},
	Bdsk-File-1 = {YnBsaXN0MDDUAQIDBAUIJidUJHRvcFgkb2JqZWN0c1gkdmVyc2lvblkkYXJjaGl2ZXLRBgdUcm9vdIABqAkKFRYXGyIjVSRudWxs0wsMDQ4RFFpOUy5vYmplY3RzV05TLmtleXNWJGNsYXNzog8QgASABqISE4ACgAOAB1lhbGlhc0RhdGFccmVsYXRpdmVQYXRo0hgNGRpXTlMuZGF0YU8RA6QAAAAAA6QAAgAAB2pvaG5qanIAAAAAAAAAAAAAAAAAAAAAAAAAAMkArhxIKwAFAAAAjRs3Ml8wOV9yYW1zZXlfY2F0ZWdvcmllcy5wZGYAAAAAAAAAAAAAAAAAAAAAAAAAAAAAAAAAAAAAAAAAAAAAAAAAABE5yVuinwAAAAAAAAAA/////wAADQIAAAAAAAAAAAAAAAAAAAABRwAAEAAIAADJAPRsAAAAEQAIAADJW+jvAAAAAQAMAAAAjQAAAIMAAABfAAIANmpvaG5qanI6RG9jdW1lbnRzOnBhcGVyczpHOjcyXzA5X3JhbXNleV9jYXRlZ29yaWVzLnBkZgAOADgAGwA3ADIAXwAwADkAXwByAGEAbQBzAGUAeQBfAGMAYQB0AGUAZwBvAHIAaQBlAHMALgBwAGQAZgAPABAABwBqAG8AaABuAGoAagByABIALy9Eb2N1bWVudHMvcGFwZXJzL0cvNzJfMDlfcmFtc2V5X2NhdGVnb3JpZXMucGRmAAATABAvVm9sdW1lcy9qb2huampyABQB+gAAAAAB+gACAAEUTWFjaW50b3NoIEhhcmQgRHJpdmUAAAAAAAAAyQCX/UgrAAAACi+jGmpvaG5qanJfaURpc2suc3BhcnNlYnVuZGxlAAAAAAAAAAAAAAAAAAAAAAAAAAAAAAAAAAAAAAAAAAAAAAAAAAAKQMPJAK4cAAAAAAAAAAD/////AAAJIAAAAAAAAAAAAAAAAAAAAAwwMDFiNjM5NTRmNjEAEAAIAADJAN5NAAAAEQAIAADJAPRsAAAAAQAUAAovowAKL6IABauUAAWrkwAAkZ8AAgBcTWFjaW50b3NoIEhhcmQgRHJpdmU6VXNlcnM6am9obnNvamg6TGlicmFyeTpGaWxlU3luYzowMDFiNjM5NTRmNjE6am9obmpqcl9pRGlzay5zcGFyc2VidW5kbGUADgA2ABoAagBvAGgAbgBqAGoAcgBfAGkARABpAHMAawAuAHMAcABhAHIAcwBlAGIAdQBuAGQAbABlAA8AKgAUAE0AYQBjAGkAbgB0AG8AcwBoACAASABhAHIAZAAgAEQAcgBpAHYAZQASAEdVc2Vycy9qb2huc29qaC9MaWJyYXJ5L0ZpbGVTeW5jLzAwMWI2Mzk1NGY2MS9qb2huampyX2lEaXNrLnNwYXJzZWJ1bmRsZQAAEwABLwAAFQACAA///wAAABYAB2pvaG5qanIA//8AAIAF0hwdHh9YJGNsYXNzZXNaJGNsYXNzbmFtZaMfICFdTlNNdXRhYmxlRGF0YVZOU0RhdGFYTlNPYmplY3RfEE0uLi8uLi8uLi8uLi8uLi9Wb2x1bWVzL2pvaG5qanIvRG9jdW1lbnRzL3BhcGVycy9HLzcyXzA5X3JhbXNleV9jYXRlZ29yaWVzLnBkZtIcHSQloiUhXE5TRGljdGlvbmFyeRIAAYagXxAPTlNLZXllZEFyY2hpdmVyAAgAEQAWAB8AKAAyADUAOgA8AEUASwBSAF0AZQBsAG8AcQBzAHYAeAB6AHwAhgCTAJgAoARIBEoETwRYBGMEZwR1BHwEhQTVBNoE3QTqBO8AAAAAAAACAQAAAAAAAAAoAAAAAAAAAAAAAAAAAAAFAQ==}}

@article{Hales:1963fk,
	Author = {A. W. Hales and R. I. Jewett},
	Date-Added = {2011-01-18 20:45:26 -0500},
	Date-Modified = {2011-01-18 20:47:25 -0500},
	Journal = {Transactions of the American Mathematical Society},
	Month = {Feburary},
	Number = {2},
	Pages = {222--229},
	Title = {{Regularity and Positional Games}},
	Volume = {106},
	Year = {1963},
	Bdsk-File-1 = {YnBsaXN0MDDUAQIDBAUIJidUJHRvcFgkb2JqZWN0c1gkdmVyc2lvblkkYXJjaGl2ZXLRBgdUcm9vdIABqAkKFRYXGyIjVSRudWxs0wsMDQ4RFFpOUy5vYmplY3RzV05TLmtleXNWJGNsYXNzog8QgASABqISE4ACgAOAB1lhbGlhc0RhdGFccmVsYXRpdmVQYXRo0hgNGRpXTlMuZGF0YU8RA4AAAAAAA4AAAgAAB2pvaG5qanIAAAAAAAAAAAAAAAAAAAAAAAAAAMkArhxIKwAFAAAAjxJIYWxlc0pld2V0dFRobS5wZGYAAAAAAAAAAAAAAAAAAAAAAAAAAAAAAAAAAAAAAAAAAAAAAAAAAAAAAAAAAAAAAA5ryVIpFwAAAAAAAAAA/////wAADQIAAAAAAAAAAAAAAAAAAAABSAAAEAAIAADJAPRsAAAAEQAIAADJUm9nAAAAAQAMAAAAjwAAAIMAAABfAAIALWpvaG5qanI6RG9jdW1lbnRzOnBhcGVyczpIOkhhbGVzSmV3ZXR0VGhtLnBkZgAADgAmABIASABhAGwAZQBzAEoAZQB3AGUAdAB0AFQAaABtAC4AcABkAGYADwAQAAcAagBvAGgAbgBqAGoAcgASACYvRG9jdW1lbnRzL3BhcGVycy9IL0hhbGVzSmV3ZXR0VGhtLnBkZgATABAvVm9sdW1lcy9qb2huampyABQB+gAAAAAB+gACAAEUTWFjaW50b3NoIEhhcmQgRHJpdmUAAAAAAAAAyQCX/UgrAAAACi+jGmpvaG5qanJfaURpc2suc3BhcnNlYnVuZGxlAAAAAAAAAAAAAAAAAAAAAAAAAAAAAAAAAAAAAAAAAAAAAAAAAAAKQMPJAK4cAAAAAAAAAAD/////AAAJIAAAAAAAAAAAAAAAAAAAAAwwMDFiNjM5NTRmNjEAEAAIAADJAN5NAAAAEQAIAADJAPRsAAAAAQAUAAovowAKL6IABauUAAWrkwAAkZ8AAgBcTWFjaW50b3NoIEhhcmQgRHJpdmU6VXNlcnM6am9obnNvamg6TGlicmFyeTpGaWxlU3luYzowMDFiNjM5NTRmNjE6am9obmpqcl9pRGlzay5zcGFyc2VidW5kbGUADgA2ABoAagBvAGgAbgBqAGoAcgBfAGkARABpAHMAawAuAHMAcABhAHIAcwBlAGIAdQBuAGQAbABlAA8AKgAUAE0AYQBjAGkAbgB0AG8AcwBoACAASABhAHIAZAAgAEQAcgBpAHYAZQASAEdVc2Vycy9qb2huc29qaC9MaWJyYXJ5L0ZpbGVTeW5jLzAwMWI2Mzk1NGY2MS9qb2huampyX2lEaXNrLnNwYXJzZWJ1bmRsZQAAEwABLwAAFQACAA///wAAABYAB2pvaG5qanIA//8AAIAF0hwdHh9YJGNsYXNzZXNaJGNsYXNzbmFtZaMfICFdTlNNdXRhYmxlRGF0YVZOU0RhdGFYTlNPYmplY3RfEEQuLi8uLi8uLi8uLi8uLi9Wb2x1bWVzL2pvaG5qanIvRG9jdW1lbnRzL3BhcGVycy9IL0hhbGVzSmV3ZXR0VGhtLnBkZtIcHSQloiUhXE5TRGljdGlvbmFyeRIAAYagXxAPTlNLZXllZEFyY2hpdmVyAAgAEQAWAB8AKAAyADUAOgA8AEUASwBSAF0AZQBsAG8AcQBzAHYAeAB6AHwAhgCTAJgAoAQkBCYEKwQ0BD8EQwRRBFgEYQSoBK0EsAS9BMIAAAAAAAACAQAAAAAAAAAoAAAAAAAAAAAAAAAAAAAE1A==}}

@article{Bergelson:1992fk,
	Author = {Vitaly Bergelson and Neil Hindman},
	Date-Added = {2011-01-18 14:49:16 -0500},
	Date-Modified = {2011-01-18 14:53:54 -0500},
	Journal = {Transactions of the American Mathematical Society},
	Keywords = {Ramsey theory, noncommutative semigroups, van der Waerden's Theorem},
	Month = {March},
	Number = {1},
	Pages = {433--446},
	Title = {{Ramsey Theory in Noncommutative Semigroups}},
	Volume = {330},
	Year = {1992},
	Bdsk-File-1 = {YnBsaXN0MDDUAQIDBAUIJidUJHRvcFgkb2JqZWN0c1gkdmVyc2lvblkkYXJjaGl2ZXLRBgdUcm9vdIABqAkKFRYXGyIjVSRudWxs0wsMDQ4RFFpOUy5vYmplY3RzV05TLmtleXNWJGNsYXNzog8QgASABqISE4ACgAOAB1lhbGlhc0RhdGFccmVsYXRpdmVQYXRo0hgNGRpXTlMuZGF0YU8RA5gAAAAAA5gAAgAAB2pvaG5qanIAAAAAAAAAAAAAAAAAAAAAAAAAAMkArhxIKwAFAAAAhBhSYW1zZXlOb25Db21tU2VtaUdycC5wZGYAAAAAAAAAAAAAAAAAAAAAAAAAAAAAAAAAAAAAAAAAAAAAAAAAAAAAAAEYyMi7JgAAAAAAAAAA/////wAADQIAAAAAAAAAAAAAAAAAAAABQgAAEAAIAADJAPRsAAAAEQAIAADIyPNmAAAAAQAMAAAAhAAAAIMAAABfAAIAM2pvaG5qanI6RG9jdW1lbnRzOnBhcGVyczpCOlJhbXNleU5vbkNvbW1TZW1pR3JwLnBkZgAADgAyABgAUgBhAG0AcwBlAHkATgBvAG4AQwBvAG0AbQBTAGUAbQBpAEcAcgBwAC4AcABkAGYADwAQAAcAagBvAGgAbgBqAGoAcgASACwvRG9jdW1lbnRzL3BhcGVycy9CL1JhbXNleU5vbkNvbW1TZW1pR3JwLnBkZgATABAvVm9sdW1lcy9qb2huampyABQB+gAAAAAB+gACAAEUTWFjaW50b3NoIEhhcmQgRHJpdmUAAAAAAAAAyQCX/UgrAAAACi+jGmpvaG5qanJfaURpc2suc3BhcnNlYnVuZGxlAAAAAAAAAAAAAAAAAAAAAAAAAAAAAAAAAAAAAAAAAAAAAAAAAAAKQMPJAK4cAAAAAAAAAAD/////AAAJIAAAAAAAAAAAAAAAAAAAAAwwMDFiNjM5NTRmNjEAEAAIAADJAN5NAAAAEQAIAADJAPRsAAAAAQAUAAovowAKL6IABauUAAWrkwAAkZ8AAgBcTWFjaW50b3NoIEhhcmQgRHJpdmU6VXNlcnM6am9obnNvamg6TGlicmFyeTpGaWxlU3luYzowMDFiNjM5NTRmNjE6am9obmpqcl9pRGlzay5zcGFyc2VidW5kbGUADgA2ABoAagBvAGgAbgBqAGoAcgBfAGkARABpAHMAawAuAHMAcABhAHIAcwBlAGIAdQBuAGQAbABlAA8AKgAUAE0AYQBjAGkAbgB0AG8AcwBoACAASABhAHIAZAAgAEQAcgBpAHYAZQASAEdVc2Vycy9qb2huc29qaC9MaWJyYXJ5L0ZpbGVTeW5jLzAwMWI2Mzk1NGY2MS9qb2huampyX2lEaXNrLnNwYXJzZWJ1bmRsZQAAEwABLwAAFQACAA///wAAABYAB2pvaG5qanIA//8AAIAF0hwdHh9YJGNsYXNzZXNaJGNsYXNzbmFtZaMfICFdTlNNdXRhYmxlRGF0YVZOU0RhdGFYTlNPYmplY3RfEEouLi8uLi8uLi8uLi8uLi9Wb2x1bWVzL2pvaG5qanIvRG9jdW1lbnRzL3BhcGVycy9CL1JhbXNleU5vbkNvbW1TZW1pR3JwLnBkZtIcHSQloiUhXE5TRGljdGlvbmFyeRIAAYagXxAPTlNLZXllZEFyY2hpdmVyAAgAEQAWAB8AKAAyADUAOgA8AEUASwBSAF0AZQBsAG8AcQBzAHYAeAB6AHwAhgCTAJgAoAQ8BD4EQwRMBFcEWwRpBHAEeQTGBMsEzgTbBOAAAAAAAAACAQAAAAAAAAAoAAAAAAAAAAAAAAAAAAAE8g==}}

@article{Hindman:1974fk,
	Abstract = {The principal result of this paper establishes the validity of a conjecture by Graham and Rothschild. This states that , if the natural numbers are divided into two classes, then there is a sequence drawn from one of these classes such that all finite sums of disctinct members of that sequence remain in the same class.},
	Author = {Hindman, Neil},
	Date-Added = {2010-12-02 00:35:39 -0500},
	Date-Modified = {2010-12-02 00:40:06 -0500},
	Journal = {Journal of Combinatorial Theory (A)},
	Pages = {1--17},
	Title = {Finite Sums from Sequences Within Cells of a Partition of $\mathbb{N}$},
	Volume = {17},
	Year = {1974}}

@article{De:2008uq,
	Author = {De, Dibyendu and Neil Hindman and Dona Strauss},
	Bdsk-File-1 = {YnBsaXN0MDDUAQIDBAUIJidUJHRvcFgkb2JqZWN0c1gkdmVyc2lvblkkYXJjaGl2ZXLRBgdUcm9vdIABqAkKFRYXGyIjVSRudWxs0wsMDQ4RFFpOUy5vYmplY3RzV05TLmtleXNWJGNsYXNzog8QgASABqISE4ACgAOAB1lhbGlhc0RhdGFccmVsYXRpdmVQYXRo0hgNGRpXTlMuZGF0YU8RA3AAAAAAA3AAAgAAB2pvaG5qanIAAAAAAAAAAAAAAAAAAAAAAAAAAMkArhxIKwAFAAAAiQ5uZXdjZW50cmFsLnBkZgAAAAAAAAAAAAAAAAAAAAAAAAAAAAAAAAAAAAAAAAAAAAAAAAAAAAAAAAAAAAAAAAAAAAFQyMi6MAAAAAAAAAAA/////wAADQIAAAAAAAAAAAAAAAAAAAABRAAAEAAIAADJAPRsAAAAEQAIAADIyPJwAAAAAQAMAAAAiQAAAIMAAABfAAIAKWpvaG5qanI6RG9jdW1lbnRzOnBhcGVyczpEOm5ld2NlbnRyYWwucGRmAAAOAB4ADgBuAGUAdwBjAGUAbgB0AHIAYQBsAC4AcABkAGYADwAQAAcAagBvAGgAbgBqAGoAcgASACIvRG9jdW1lbnRzL3BhcGVycy9EL2RyYWwucGRmABMAEC9Wb2x1bWVzL2pvaG5qanIAFAH6AAAAAAH6AAIAARRNYWNpbnRvc2ggSGFyZCBEcml2ZQAAAAAAAADJAJf9SCsAAAAKL6Maam9obmpqcl9pRGlzay5zcGFyc2VidW5kbGUAAAAAAAAAAAAAAAAAAAAAAAAAAAAAAAAAAAAAAAAAAAAAAAAAAApAw8kArhwAAAAAAAAAAP////8AAAkgAAAAAAAAAAAAAAAAAAAADDAwMWI2Mzk1NGY2MQAQAAgAAMkA3k0AAAARAAgAAMkA9GwAAAABABQACi+jAAovogAFq5QABauTAACRnwACAFxNYWNpbnRvc2ggSGFyZCBEcml2ZTpVc2Vyczpqb2huc29qaDpMaWJyYXJ5OkZpbGVTeW5jOjAwMWI2Mzk1NGY2MTpqb2huampyX2lEaXNrLnNwYXJzZWJ1bmRsZQAOADYAGgBqAG8AaABuAGoAagByAF8AaQBEAGkAcwBrAC4AcwBwAGEAcgBzAGUAYgB1AG4AZABsAGUADwAqABQATQBhAGMAaQBuAHQAbwBzAGgAIABIAGEAcgBkACAARAByAGkAdgBlABIAR1VzZXJzL2pvaG5zb2poL0xpYnJhcnkvRmlsZVN5bmMvMDAxYjYzOTU0ZjYxL2pvaG5qanJfaURpc2suc3BhcnNlYnVuZGxlAAATAAEvAAAVAAIAD///AAAAFgAHam9obmpqcgD//wAAgAXSHB0eH1gkY2xhc3Nlc1okY2xhc3NuYW1lox8gIV1OU011dGFibGVEYXRhVk5TRGF0YVhOU09iamVjdF8QPS4uLy4uLy4uLy4uL1ZvbHVtZXMvam9obmpqci9Eb2N1bWVudHMvcGFwZXJzL0QvbmV3Y2VudHJhbC5wZGbSHB0kJaIlIVxOU0RpY3Rpb25hcnkSAAGGoF8QD05TS2V5ZWRBcmNoaXZlcgAIABEAFgAfACgAMgA1ADoAPABFAEsAUgBdAGUAbABvAHEAcwB2AHgAegB8AIYAkwCYAKAEFAQWBBsEJAQvBDMEQQRIBFEEkQSWBJkEpgSrAAAAAAAAAgEAAAAAAAAAKAAAAAAAAAAAAAAAAAAABL0=},
	Date-Added = {2010-11-24 21:29:21 -0500},
	Date-Modified = {2010-11-24 21:35:15 -0500},
	Journal = {Fundamenta Mathematicae},
	Pages = {155--175},
	Title = {A New and Stronger Central Sets Theorem},
	Volume = {199},
	Year = {2008},
	Bdsk-File-2 = {YnBsaXN0MDDUAQIDBAUIJidUJHRvcFgkb2JqZWN0c1gkdmVyc2lvblkkYXJjaGl2ZXLRBgdUcm9vdIABqAkKFRYXGyIjVSRudWxs0wsMDQ4RFFpOUy5vYmplY3RzV05TLmtleXNWJGNsYXNzog8QgASABqISE4ACgAOAB1lhbGlhc0RhdGFccmVsYXRpdmVQYXRo0hgNGRpXTlMuZGF0YU8RA6QAAAAAA6QAAgAAB2pvaG5qanIAAAAAAAAAAAAAAAAAAAAAAAAAAMkArhxIKwAFAAA4Cg5uZXdjZW50cmFsLnBkZgAAAAAAAAAAAAAAAAAAAAAAAAAAAAAAAAAAAAAAAAAAAAAAAAAAAAAAAAAAAAAAAAAAAAFQyMi6MAAAAAAAAAAA/////wAADQIAAAAAAAAAAAAAAAAAAAAQbmV3LXN0cm9uZ2VyLWNzdAAQAAgAAMkA9GwAAAARAAgAAMjI8nAAAAABABAAADgKAAAAiQAAAIMAAABfAAIAOmpvaG5qanI6RG9jdW1lbnRzOnBhcGVyczpEOm5ldy1zdHJvbmdlci1jc3Q6bmV3Y2VudHJhbC5wZGYADgAeAA4AbgBlAHcAYwBlAG4AdAByAGEAbAAuAHAAZABmAA8AEAAHAGoAbwBoAG4AagBqAHIAEgAzL0RvY3VtZW50cy9wYXBlcnMvRC9uZXctc3Ryb25nZXItY3N0L25ld2NlbnRyYWwucGRmAAATABAvVm9sdW1lcy9qb2huampyABQB+gAAAAAB+gACAAEUTWFjaW50b3NoIEhhcmQgRHJpdmUAAAAAAAAAyQCX/UgrAAAACi+jGmpvaG5qanJfaURpc2suc3BhcnNlYnVuZGxlAAAAAAAAAAAAAAAAAAAAAAAAAAAAAAAAAAAAAAAAAAAAAAAAAAAKQMPJAK4cAAAAAAAAAAD/////AAAJIAAAAAAAAAAAAAAAAAAAAAwwMDFiNjM5NTRmNjEAEAAIAADJAN5NAAAAEQAIAADJAPRsAAAAAQAUAAovowAKL6IABauUAAWrkwAAkZ8AAgBcTWFjaW50b3NoIEhhcmQgRHJpdmU6VXNlcnM6am9obnNvamg6TGlicmFyeTpGaWxlU3luYzowMDFiNjM5NTRmNjE6am9obmpqcl9pRGlzay5zcGFyc2VidW5kbGUADgA2ABoAagBvAGgAbgBqAGoAcgBfAGkARABpAHMAawAuAHMAcABhAHIAcwBlAGIAdQBuAGQAbABlAA8AKgAUAE0AYQBjAGkAbgB0AG8AcwBoACAASABhAHIAZAAgAEQAcgBpAHYAZQASAEdVc2Vycy9qb2huc29qaC9MaWJyYXJ5L0ZpbGVTeW5jLzAwMWI2Mzk1NGY2MS9qb2huampyX2lEaXNrLnNwYXJzZWJ1bmRsZQAAEwABLwAAFQACAA///wAAABYAB2pvaG5qanIA//8AAIAF0hwdHh9YJGNsYXNzZXNaJGNsYXNzbmFtZaMfICFdTlNNdXRhYmxlRGF0YVZOU0RhdGFYTlNPYmplY3RfEFEuLi8uLi8uLi8uLi8uLi9Wb2x1bWVzL2pvaG5qanIvRG9jdW1lbnRzL3BhcGVycy9EL25ldy1zdHJvbmdlci1jc3QvbmV3Y2VudHJhbC5wZGbSHB0kJaIlIVxOU0RpY3Rpb25hcnkSAAGGoF8QD05TS2V5ZWRBcmNoaXZlcgAIABEAFgAfACgAMgA1ADoAPABFAEsAUgBdAGUAbABvAHEAcwB2AHgAegB8AIYAkwCYAKAESARKBE8EWARjBGcEdQR8BIUE2QTeBOEE7gTzAAAAAAAAAgEAAAAAAAAAKAAAAAAAAAAAAAAAAAAABQU=}}

@article{Hindman:2010fk,
	Abstract = {\testsl{Central} subsets of a discrete semigroup $S$ have very strong combinatorial properties which are consequences of the \textsl{Central Sets Theorem}. We show here that, not only is the Cartesian product of two central sets central, but in fact the Cartesian product of any two sets satifying the conclusion of the Central Sets Theorem saisfies the conlusion of the Central Sets Theorem. Intimately related to the notion of a central set is something we call a $J$-set. These sets have many of the combinatorial properties of central sets and we show that this notion is also preserved under finite Cartesian products. Finally, we characterize when the Cartesian product of infinitely many sets is central. },
	Author = {Neil Hindman and Dona Strauss},
	Date-Added = {2010-11-24 20:26:14 -0500},
	Date-Modified = {2011-06-21 17:17:23 -0400},
	Journal = {Topology Proceedings},
	Keywords = {Central Sets Theorem, Cartesian products, semigroups, Stone-\v{C}ech compactification, thick, piecewise syndetic},
	Pages = {203--223},
	Title = {Cartesian Products of Sets Satisfying the Central Sets Theorem},
	Volume = {35},
	Year = {2010},
	Bdsk-File-1 = {YnBsaXN0MDDUAQIDBAUIJidUJHRvcFgkb2JqZWN0c1gkdmVyc2lvblkkYXJjaGl2ZXLRBgdUcm9vdIABqAkKFRYXGyIjVSRudWxs0wsMDQ4RFFpOUy5vYmplY3RzV05TLmtleXNWJGNsYXNzog8QgASABqISE4ACgAOAB1lhbGlhc0RhdGFccmVsYXRpdmVQYXRo0hgNGRpXTlMuZGF0YU8RA9AAAAAAA9AAAgAAB2pvaG5qanIAAAAAAAAAAAAAAAAAAAAAAAAAAMkArhxIKwAFAAA4qxJjZW50cmFscHJvZGx0eC5wZGYAAAAAAAAAAAAAAAAAAAAAAAAAAAAAAAAAAAAAAAAAAAAAAAAAAAAAAAAAAAAAAAF2yNuUzwAAAAAAAAAA/////wAADQIAAAAAAAAAAAAAAAAAAAAZY2FydGVzaWFuLXByb2R1Y3QtY2VudHJhbAAAEAAIAADJAPRsAAAAEQAIAADI280PAAAAAQAQAAA4qwAAAI8AAACDAAAAXwACAEdqb2huampyOkRvY3VtZW50czpwYXBlcnM6SDpjYXJ0ZXNpYW4tcHJvZHVjdC1jZW50cmFsOmNlbnRyYWxwcm9kbHR4LnBkZgAADgAmABIAYwBlAG4AdAByAGEAbABwAHIAbwBkAGwAdAB4AC4AcABkAGYADwAQAAcAagBvAGgAbgBqAGoAcgASAEAvRG9jdW1lbnRzL3BhcGVycy9IL2NhcnRlc2lhbi1wcm9kdWN0LWNlbnRyYWwvY2VudHJhbHByb2RsdHgucGRmABMAEC9Wb2x1bWVzL2pvaG5qanIAFAH6AAAAAAH6AAIAARRNYWNpbnRvc2ggSGFyZCBEcml2ZQAAAAAAAADJAJf9SCsAAAAKL6Maam9obmpqcl9pRGlzay5zcGFyc2VidW5kbGUAAAAAAAAAAAAAAAAAAAAAAAAAAAAAAAAAAAAAAAAAAAAAAAAAAApAw8kArhwAAAAAAAAAAP////8AAAkgAAAAAAAAAAAAAAAAAAAADDAwMWI2Mzk1NGY2MQAQAAgAAMkA3k0AAAARAAgAAMkA9GwAAAABABQACi+jAAovogAFq5QABauTAACRnwACAFxNYWNpbnRvc2ggSGFyZCBEcml2ZTpVc2Vyczpqb2huc29qaDpMaWJyYXJ5OkZpbGVTeW5jOjAwMWI2Mzk1NGY2MTpqb2huampyX2lEaXNrLnNwYXJzZWJ1bmRsZQAOADYAGgBqAG8AaABuAGoAagByAF8AaQBEAGkAcwBrAC4AcwBwAGEAcgBzAGUAYgB1AG4AZABsAGUADwAqABQATQBhAGMAaQBuAHQAbwBzAGgAIABIAGEAcgBkACAARAByAGkAdgBlABIAR1VzZXJzL2pvaG5zb2poL0xpYnJhcnkvRmlsZVN5bmMvMDAxYjYzOTU0ZjYxL2pvaG5qanJfaURpc2suc3BhcnNlYnVuZGxlAAATAAEvAAAVAAIAD///AAAAFgAHam9obmpqcgD//wAAgAXSHB0eH1gkY2xhc3Nlc1okY2xhc3NuYW1lox8gIV1OU011dGFibGVEYXRhVk5TRGF0YVhOU09iamVjdF8QXi4uLy4uLy4uLy4uLy4uL1ZvbHVtZXMvam9obmpqci9Eb2N1bWVudHMvcGFwZXJzL0gvY2FydGVzaWFuLXByb2R1Y3QtY2VudHJhbC9jZW50cmFscHJvZGx0eC5wZGbSHB0kJaIlIVxOU0RpY3Rpb25hcnkSAAGGoF8QD05TS2V5ZWRBcmNoaXZlcgAIABEAFgAfACgAMgA1ADoAPABFAEsAUgBdAGUAbABvAHEAcwB2AHgAegB8AIYAkwCYAKAEdAR2BHsEhASPBJMEoQSoBLEFEgUXBRoFJwUsAAAAAAAAAgEAAAAAAAAAKAAAAAAAAAAAAAAAAAAABT4=}}

@article{Mulvey:1997vn,
	Author = {Mulvey, Irene},
	Date-Added = {2010-11-21 23:50:13 -0500},
	Date-Modified = {2010-11-21 23:51:21 -0500},
	Journal = {Mathematics Magazine},
	Number = {5},
	Pages = {358--361},
	Title = {Recurent Ideas in Number Theory: The Multiple Birkhoff Recurrence Theorem Used to Prove van der Waerden's Theorem},
	Volume = {70},
	Year = {1997},
	Bdsk-File-1 = {YnBsaXN0MDDUAQIDBAUIJidUJHRvcFgkb2JqZWN0c1gkdmVyc2lvblkkYXJjaGl2ZXLRBgdUcm9vdIABqAkKFRYXGyIjVSRudWxs0wsMDQ4RFFpOUy5vYmplY3RzV05TLmtleXNWJGNsYXNzog8QgASABqISE4ACgAOAB1lhbGlhc0RhdGFccmVsYXRpdmVQYXRo0hgNGRpXTlMuZGF0YU8RA2QAAAAAA2QAAgAAB2pvaG5qanIAAAAAAAAAAAAAAAAAAAAAAAAAAMkArhxIKwAFAAAAmQsyNjkxMTcyLnBkZgAAAAAAAAAAAAAAAAAAAAAAAAAAAAAAAAAAAAAAAAAAAAAAAAAAAAAAAAAAAAAAAAAAAAAAAANpyQs8qAAAAAAAAAAA/////wAADQIAAAAAAAAAAAAAAAAAAAABTQAAEAAIAADJAPRsAAAAEQAIAADJC4L4AAAAAQAMAAAAmQAAAIMAAABfAAIAJmpvaG5qanI6RG9jdW1lbnRzOnBhcGVyczpNOjI2OTExNzIucGRmAA4AGAALADIANgA5ADEAMQA3ADIALgBwAGQAZgAPABAABwBqAG8AaABuAGoAagByABIAHy9Eb2N1bWVudHMvcGFwZXJzL00vMjY5MTE3Mi5wZGYAABMAEC9Wb2x1bWVzL2pvaG5qanIAFAH6AAAAAAH6AAIAARRNYWNpbnRvc2ggSGFyZCBEcml2ZQAAAAAAAADJAJf9SCsAAAAKL6Maam9obmpqcl9pRGlzay5zcGFyc2VidW5kbGUAAAAAAAAAAAAAAAAAAAAAAAAAAAAAAAAAAAAAAAAAAAAAAAAAAApAw8kArhwAAAAAAAAAAP////8AAAkgAAAAAAAAAAAAAAAAAAAADDAwMWI2Mzk1NGY2MQAQAAgAAMkA3k0AAAARAAgAAMkA9GwAAAABABQACi+jAAovogAFq5QABauTAACRnwACAFxNYWNpbnRvc2ggSGFyZCBEcml2ZTpVc2Vyczpqb2huc29qaDpMaWJyYXJ5OkZpbGVTeW5jOjAwMWI2Mzk1NGY2MTpqb2huampyX2lEaXNrLnNwYXJzZWJ1bmRsZQAOADYAGgBqAG8AaABuAGoAagByAF8AaQBEAGkAcwBrAC4AcwBwAGEAcgBzAGUAYgB1AG4AZABsAGUADwAqABQATQBhAGMAaQBuAHQAbwBzAGgAIABIAGEAcgBkACAARAByAGkAdgBlABIAR1VzZXJzL2pvaG5zb2poL0xpYnJhcnkvRmlsZVN5bmMvMDAxYjYzOTU0ZjYxL2pvaG5qanJfaURpc2suc3BhcnNlYnVuZGxlAAATAAEvAAAVAAIAD///AAAAFgAHam9obmpqcgD//wAAgAXSHB0eH1gkY2xhc3Nlc1okY2xhc3NuYW1lox8gIV1OU011dGFibGVEYXRhVk5TRGF0YVhOU09iamVjdF8QPS4uLy4uLy4uLy4uLy4uL1ZvbHVtZXMvam9obmpqci9Eb2N1bWVudHMvcGFwZXJzL00vMjY5MTE3Mi5wZGbSHB0kJaIlIVxOU0RpY3Rpb25hcnkSAAGGoF8QD05TS2V5ZWRBcmNoaXZlcgAIABEAFgAfACgAMgA1ADoAPABFAEsAUgBdAGUAbABvAHEAcwB2AHgAegB8AIYAkwCYAKAECAQKBA8EGAQjBCcENQQ8BEUEhQSKBI0EmgSfAAAAAAAAAgEAAAAAAAAAKAAAAAAAAAAAAAAAAAAABLE=}}

@article{Furstenberg:1978kx,
	Author = {Furstenberg, H. and B. Weiss},
	Date-Added = {2010-11-21 23:44:55 -0500},
	Date-Modified = {2010-11-21 23:46:09 -0500},
	Journal = {Journal d'Analyse Math\'{e}matique},
	Pages = {61--85},
	Title = {Topological dynamics and combinatorial number theory},
	Volume = {34},
	Year = {1978}}

@article{Ramsey:1930uq,
	Author = {Ramsey, F.P.},
	Date-Added = {2010-11-21 22:39:05 -0500},
	Date-Modified = {2010-11-21 22:40:20 -0500},
	Journal = {Proceedings of the London Mathematical Society},
	Pages = {264--286},
	Title = {On a Problem of Formal Logic},
	Volume = {30},
	Year = {1930},
	Bdsk-File-1 = {YnBsaXN0MDDUAQIDBAUIJidUJHRvcFgkb2JqZWN0c1gkdmVyc2lvblkkYXJjaGl2ZXLRBgdUcm9vdIABqAkKFRYXGyIjVSRudWxs0wsMDQ4RFFpOUy5vYmplY3RzV05TLmtleXNWJGNsYXNzog8QgASABqISE4ACgAOAB1lhbGlhc0RhdGFccmVsYXRpdmVQYXRo0hgNGRpXTlMuZGF0YU8RA+AAAAAAA+AAAgAAB2pvaG5qanIAAAAAAAAAAAAAAAAAAAAAAAAAAMkArhxIKwAFAAAAnR9Qcm9jLiBMb25kb24gTWF0aC4gU29jLiM0NDgucGRmAAAAAAAAAAAAAAAAAAAAAAAAAAAAAAAAAAAAAAAAAAAAAARIyQ9gaAAAAAAAAAAA/////wAADQIAAAAAAAAAAAAAAAAAAAABUgAAEAAIAADJAPRsAAAAEQAIAADJD6a4AAAAAQAMAAAAnQAAAIMAAABfAAIAOmpvaG5qanI6RG9jdW1lbnRzOnBhcGVyczpSOlByb2MuIExvbmRvbiBNYXRoLiBTb2MuIzQ0OC5wZGYADgBeAC4AUAByAG8AYwAuACAATABvAG4AZABvAG4AIABNAGEAdABoAC4AIABTAG8AYwAuAC0AMQA5ADMAMAAtAFIAYQBtAHMAZQB5AC0AMgA2ADQALQA4ADYALgBwAGQAZgAPABAABwBqAG8AaABuAGoAagByABIAQi9Eb2N1bWVudHMvcGFwZXJzL1IvUHJvYy4gTG9uZG9uIE1hdGguIFNvYy4tMTkzMC1SYW1zZXktMjY0LTg2LnBkZgATABAvVm9sdW1lcy9qb2huampyABQB+gAAAAAB+gACAAEUTWFjaW50b3NoIEhhcmQgRHJpdmUAAAAAAAAAyQCX/UgrAAAACi+jGmpvaG5qanJfaURpc2suc3BhcnNlYnVuZGxlAAAAAAAAAAAAAAAAAAAAAAAAAAAAAAAAAAAAAAAAAAAAAAAAAAAKQMPJAK4cAAAAAAAAAAD/////AAAJIAAAAAAAAAAAAAAAAAAAAAwwMDFiNjM5NTRmNjEAEAAIAADJAN5NAAAAEQAIAADJAPRsAAAAAQAUAAovowAKL6IABauUAAWrkwAAkZ8AAgBcTWFjaW50b3NoIEhhcmQgRHJpdmU6VXNlcnM6am9obnNvamg6TGlicmFyeTpGaWxlU3luYzowMDFiNjM5NTRmNjE6am9obmpqcl9pRGlzay5zcGFyc2VidW5kbGUADgA2ABoAagBvAGgAbgBqAGoAcgBfAGkARABpAHMAawAuAHMAcABhAHIAcwBlAGIAdQBuAGQAbABlAA8AKgAUAE0AYQBjAGkAbgB0AG8AcwBoACAASABhAHIAZAAgAEQAcgBpAHYAZQASAEdVc2Vycy9qb2huc29qaC9MaWJyYXJ5L0ZpbGVTeW5jLzAwMWI2Mzk1NGY2MS9qb2huampyX2lEaXNrLnNwYXJzZWJ1bmRsZQAAEwABLwAAFQACAA///wAAABYAB2pvaG5qanIA//8AAIAF0hwdHh9YJGNsYXNzZXNaJGNsYXNzbmFtZaMfICFdTlNNdXRhYmxlRGF0YVZOU0RhdGFYTlNPYmplY3RfEGAuLi8uLi8uLi8uLi8uLi9Wb2x1bWVzL2pvaG5qanIvRG9jdW1lbnRzL3BhcGVycy9SL1Byb2MuIExvbmRvbiBNYXRoLiBTb2MuLTE5MzAtUmFtc2V5LTI2NC04Ni5wZGbSHB0kJaIlIVxOU0RpY3Rpb25hcnkSAAGGoF8QD05TS2V5ZWRBcmNoaXZlcgAIABEAFgAfACgAMgA1ADoAPABFAEsAUgBdAGUAbABvAHEAcwB2AHgAegB8AIYAkwCYAKAEhASGBIsElASfBKMEsQS4BMEFJAUpBSwFOQU+AAAAAAAAAgEAAAAAAAAAKAAAAAAAAAAAAAAAAAAABVA=}}

@article{Van-der-Waerden:1927fk,
	Author = {Van der Waerden, Bartel Leendert},
	Date-Added = {2010-11-21 22:31:30 -0500},
	Date-Modified = {2010-11-21 22:33:05 -0500},
	Journal = {Nieuw Archief voor Wiskunde},
	Pages = {212--216},
	Title = {Beweis einer Baudetschen Vermutung},
	Volume = {15},
	Year = {1927}}

@article{Graham:1974uq,
	Author = {Graham, R.L. and B.L. Rothschild},
	Date-Added = {2010-11-18 22:35:14 -0500},
	Date-Modified = {2010-11-18 22:36:20 -0500},
	Journal = {Proceedings of the American Mathematical Society},
	Month = {Feburary},
	Number = {2},
	Pages = {385--386},
	Title = {A Short Proof of van der Waerden's Theorem on Arithmetic Progressions},
	Volume = {42},
	Year = {1974}}

@book{Khinchin:1998fk,
	Author = {Khinchin, A.I.},
	Date-Added = {2010-11-18 22:27:36 -0500},
	Date-Modified = {2010-11-18 22:28:38 -0500},
	Publisher = {Dover Publications},
	Title = {Three Pearls of Number Theory},
	Year = {1998}}

@book{Furstenberg:1981fk,
	Author = {Furstenberg, H.},
	Date-Added = {2010-11-15 20:42:23 -0500},
	Date-Modified = {2011-01-24 18:06:09 -0500},
	Publisher = {Princeton University Press},
	Title = {{Recurrence in Ergodic Theory and Combinatorial Number Theory}},
	Year = {1981}}

@article{Furstenberg:1989kx,
	Author = {Furstenberg, H. and Y. Katznelson},
	Date-Added = {2010-11-09 15:53:44 -0500},
	Date-Modified = {2010-11-09 15:55:08 -0500},
	Journal = {Isreal Journal of Mathematics},
	Number = {3},
	Pages = {257--270},
	Read = {1},
	Title = {Idempotents in Compact Semigroups and Ramsey Theory},
	Volume = {68},
	Year = {1989},
	Bdsk-File-1 = {YnBsaXN0MDDUAQIDBAUIJidUJHRvcFgkb2JqZWN0c1gkdmVyc2lvblkkYXJjaGl2ZXLRBgdUcm9vdIABqAkKFRYXGyIjVSRudWxs0wsMDQ4RFFpOUy5vYmplY3RzV05TLmtleXNWJGNsYXNzog8QgASABqISE4ACgAOAB1lhbGlhc0RhdGFccmVsYXRpdmVQYXRo0hgNGRpXTlMuZGF0YU8RA2gAAAAAA2gAAgAAB2pvaG5qanIAAAAAAAAAAAAAAAAAAAAAAAAAAMkArhxIKwAFAAAAiwxpZGVybXRoZS5wZGYAAAAAAAAAAAAAAAAAAAAAAAAAAAAAAAAAAAAAAAAAAAAAAAAAAAAAAAAAAAAAAAAAAAAAAAFayP8etAAAAAAAAAAA/////wAADQIAAAAAAAAAAAAAAAAAAAABRgAAEAAIAADJAPRsAAAAEQAIAADI/2UEAAAAAQAMAAAAiwAAAIMAAABfAAIAJ2pvaG5qanI6RG9jdW1lbnRzOnBhcGVyczpGOmlkZXJtdGhlLnBkZgAADgAaAAwAaQBkAGUAcgBtAHQAaABlAC4AcABkAGYADwAQAAcAagBvAGgAbgBqAGoAcgASACAvRG9jdW1lbnRzL3BhcGVycy9GL2lkZXJtdGhlLnBkZgATABAvVm9sdW1lcy9qb2huampyABQB+gAAAAAB+gACAAEUTWFjaW50b3NoIEhhcmQgRHJpdmUAAAAAAAAAyQCX/UgrAAAACi+jGmpvaG5qanJfaURpc2suc3BhcnNlYnVuZGxlAAAAAAAAAAAAAAAAAAAAAAAAAAAAAAAAAAAAAAAAAAAAAAAAAAAKQMPJAK4cAAAAAAAAAAD/////AAAJIAAAAAAAAAAAAAAAAAAAAAwwMDFiNjM5NTRmNjEAEAAIAADJAN5NAAAAEQAIAADJAPRsAAAAAQAUAAovowAKL6IABauUAAWrkwAAkZ8AAgBcTWFjaW50b3NoIEhhcmQgRHJpdmU6VXNlcnM6am9obnNvamg6TGlicmFyeTpGaWxlU3luYzowMDFiNjM5NTRmNjE6am9obmpqcl9pRGlzay5zcGFyc2VidW5kbGUADgA2ABoAagBvAGgAbgBqAGoAcgBfAGkARABpAHMAawAuAHMAcABhAHIAcwBlAGIAdQBuAGQAbABlAA8AKgAUAE0AYQBjAGkAbgB0AG8AcwBoACAASABhAHIAZAAgAEQAcgBpAHYAZQASAEdVc2Vycy9qb2huc29qaC9MaWJyYXJ5L0ZpbGVTeW5jLzAwMWI2Mzk1NGY2MS9qb2huampyX2lEaXNrLnNwYXJzZWJ1bmRsZQAAEwABLwAAFQACAA///wAAABYAB2pvaG5qanIA//8AAIAF0hwdHh9YJGNsYXNzZXNaJGNsYXNzbmFtZaMfICFdTlNNdXRhYmxlRGF0YVZOU0RhdGFYTlNPYmplY3RfED4uLi8uLi8uLi8uLi8uLi9Wb2x1bWVzL2pvaG5qanIvRG9jdW1lbnRzL3BhcGVycy9GL2lkZXJtdGhlLnBkZtIcHSQloiUhXE5TRGljdGlvbmFyeRIAAYagXxAPTlNLZXllZEFyY2hpdmVyAAgAEQAWAB8AKAAyADUAOgA8AEUASwBSAF0AZQBsAG8AcQBzAHYAeAB6AHwAhgCTAJgAoAQMBA4EEwQcBCcEKwQ5BEAESQSKBI8EkgSfBKQAAAAAAAACAQAAAAAAAAAoAAAAAAAAAAAAAAAAAAAEtg==}}

@article{Burns:2007uq,
	Abstract = {\textsl{Central} sets were originally defined for subsets of $\mathbb{N}$ by Fursternberg using notions from topological dynamics, and he proved the powerful \textsl{Central Sets Theorem} for such sets. Subsequently, central sets in any semigroup $S$ were characterized as members of idempotents in the smallest ideal of $\beta S$, the Stone-\v{C}ech compactification of $S$. },
	Author = {Burns, Shea D. and Neil Hindman},
	Date-Added = {2010-11-09 15:25:11 -0500},
	Date-Modified = {2010-11-09 15:35:55 -0500},
	Journal = {Topology Proceedings},
	Keywords = {Quasi-central, recurrence},
	Number = {2},
	Pages = {445--455},
	Rating = {4},
	Title = {Quasi-Central Sets and their Dynamical Characterization},
	Volume = {31},
	Year = {2007},
	Bdsk-File-1 = {YnBsaXN0MDDUAQIDBAUIJidUJHRvcFgkb2JqZWN0c1gkdmVyc2lvblkkYXJjaGl2ZXLRBgdUcm9vdIABqAkKFRYXGyIjVSRudWxs0wsMDQ4RFFpOUy5vYmplY3RzV05TLmtleXNWJGNsYXNzog8QgASABqISE4ACgAOAB1lhbGlhc0RhdGFccmVsYXRpdmVQYXRo0hgNGRpXTlMuZGF0YU8RA6IAAAAAA6IAAgAAB2pvaG5qanIAAAAAAAAAAAAAAAAAAAAAAAAAAMkArhxIKwAFAAA35glxdWFzaS5wZGYAAAAAAAAAAAAAAAAAAAAAAAAAAAAAAAAAAAAAAAAAAAAAAAAAAAAAAAAAAAAAAAAAAAAAAAAAAAEwyNuWYwAAAAAAAAAA/////wAADQIAAAAAAAAAAAAAAAAAAAAWcXVhc2ktY2VudHJhbC1keW4tY2hhcgAQAAgAAMkA9GwAAAARAAgAAMjbzqMAAAABABAAADfmAAAAhAAAAIMAAABfAAIAO2pvaG5qanI6RG9jdW1lbnRzOnBhcGVyczpCOnF1YXNpLWNlbnRyYWwtZHluLWNoYXI6cXVhc2kucGRmAAAOABQACQBxAHUAYQBzAGkALgBwAGQAZgAPABAABwBqAG8AaABuAGoAagByABIANC9Eb2N1bWVudHMvcGFwZXJzL0IvcXVhc2ktY2VudHJhbC1keW4tY2hhci9xdWFzaS5wZGYAEwAQL1ZvbHVtZXMvam9obmpqcgAUAfoAAAAAAfoAAgABFE1hY2ludG9zaCBIYXJkIERyaXZlAAAAAAAAAMkAl/1IKwAAAAovoxpqb2huampyX2lEaXNrLnNwYXJzZWJ1bmRsZQAAAAAAAAAAAAAAAAAAAAAAAAAAAAAAAAAAAAAAAAAAAAAAAAAACkDDyQCuHAAAAAAAAAAA/////wAACSAAAAAAAAAAAAAAAAAAAAAMMDAxYjYzOTU0ZjYxABAACAAAyQDeTQAAABEACAAAyQD0bAAAAAEAFAAKL6MACi+iAAWrlAAFq5MAAJGfAAIAXE1hY2ludG9zaCBIYXJkIERyaXZlOlVzZXJzOmpvaG5zb2poOkxpYnJhcnk6RmlsZVN5bmM6MDAxYjYzOTU0ZjYxOmpvaG5qanJfaURpc2suc3BhcnNlYnVuZGxlAA4ANgAaAGoAbwBoAG4AagBqAHIAXwBpAEQAaQBzAGsALgBzAHAAYQByAHMAZQBiAHUAbgBkAGwAZQAPACoAFABNAGEAYwBpAG4AdABvAHMAaAAgAEgAYQByAGQAIABEAHIAaQB2AGUAEgBHVXNlcnMvam9obnNvamgvTGlicmFyeS9GaWxlU3luYy8wMDFiNjM5NTRmNjEvam9obmpqcl9pRGlzay5zcGFyc2VidW5kbGUAABMAAS8AABUAAgAP//8AAAAWAAdqb2huampyAP//AACABdIcHR4fWCRjbGFzc2VzWiRjbGFzc25hbWWjHyAhXU5TTXV0YWJsZURhdGFWTlNEYXRhWE5TT2JqZWN0XxBSLi4vLi4vLi4vLi4vLi4vVm9sdW1lcy9qb2huampyL0RvY3VtZW50cy9wYXBlcnMvQi9xdWFzaS1jZW50cmFsLWR5bi1jaGFyL3F1YXNpLnBkZtIcHSQloiUhXE5TRGljdGlvbmFyeRIAAYagXxAPTlNLZXllZEFyY2hpdmVyAAgAEQAWAB8AKAAyADUAOgA8AEUASwBSAF0AZQBsAG8AcQBzAHYAeAB6AHwAhgCTAJgAoARGBEgETQRWBGEEZQRzBHoEgwTYBN0E4ATtBPIAAAAAAAACAQAAAAAAAAAoAAAAAAAAAAAAAAAAAAAFBA==}}

@book{Hindman:1998fk,
	Author = {Neil Hindman and Dona Strauss},
	Date-Added = {2010-11-09 11:47:58 -0500},
	Date-Modified = {2011-06-21 17:16:15 -0400},
	Keywords = {Compactifications, semigroup, Stone-\v{C}ech compactification, Ramsey theory, combinatorics, right topological semigroup, idempotent, ideal minimal ideal, smallest ideal, minimal idempotent},
	Number = {27},
	Publisher = {Walter de Gruyter},
	Rating = {4},
	Read = {0},
	Series = {De Gruyter expositions in mathematics},
	Title = {{Algebra in the Stone-\v{C}ech Compactification}},
	Year = {1998}}
